1987 2600
543 141 576 180 4-
857 128 960 174 DE
1019 127 1481 180 SINGVLARI

543 243 865 286 determinandae
897 246 1075 287 summae
1096 273 1108 296 ‚
1142 260 1214 300 pro
1247 258 1486 300 quocunque
1519 258 1691 290 numero
1725 260 1808 292 ter—

542 309 752 349 minorum
801 312 924 361 dato,
977 313 1199 361 ferierunt,
1249 322 1343 364 quas
1396 311 1500 351 finus
1553 310 1618 351 vel
1657 314 1810 354 cosmus

540 384 706 412 arcuum
741 373 1001 414 arithmetice
1026 375 1374 429 progredientium
1415 385 1610 416 eorumne
1663 389 1807 428 poten-

543 437 622 476 tiae
661 436 808 477 similes
838 436 1041 479 exhibent.
1122 439 1234 494 Quae
1269 439 1339 479 hac
1371 438 1416 477 de
1451 451 1494 480 re
1532 439 1704 492 protulit
1747 442 1807 481 sa—

540 499 766 550 gaciffimus
800 500 1014 542 Geometra
1035 533 1046 553 ,
1104 504 1209 542 milii
1243 502 1377 543 ansam
1408 502 1600 542 dederunt
1641 502 1688 542 de
1741 515 1807 543 ar*-

539 573 763 614 gumento‚
812 565 916 616 quod
970 567 1010 605 in
1060 566 1248 605 ambobus
1281 564 1575 606 schediasmatis
1609 568 1709 606 meis
1745 568 1804 607 se-

537 630 715 667 cundum
752 640 845 668 vera
878 629 1105 679 principia,
1139 629 1200 668 sed
1238 627 1510 679 metaphysica
1531 631 1804 681 potiusquam

536 693 776 743 geometrica
800 720 811 738 ‚
868 691 1105 744 pertractatu
1127 719 1139 739 ,
1191 701 1313 730 nouas
1346 703 1426 731 non
1461 689 1587 732 nullas
1622 693 1805 743 superad-

535 747 652 794 dendi
686 755 977 795 obseruationes
1010 764 1149 806 easque
1169 784 1184 805 ‚
1215 754 1256 793 ni
1290 752 1406 796 fallor
1425 783 1435 803 ,
1470 767 1538 796 nec
1569 755 1714 796 steriles
1736 768 1803 796 nec

537 816 785 857 iniucundas.

683 881 713 928 §.
754 890 790 919 2.
825 880 886 920 Ea
915 880 968 921 est
1000 878 1159 919 sinuum
1196 889 1316 931 atque
1362 880 1569 920 cossnuum
1626 879 1799 931 indoles,

535 951 579 981 vt
615 954 691 982 vna
726 945 941 996 eademque
974 945 1172 995 quantitas
1206 955 1254 981 ex
1293 943 1374 982 illis
1406 943 1628 996 composita
1663 943 1797 997 plures

531 1008 721 1046 admittat
753 1007 1014 1058 expreffiones
1049 1008 1113 1046 sub
1146 1008 1219 1046 alia
1253 1017 1370 1058 atque
1403 1006 1478 1045 alia
1530 1009 1648 1058 iacie,
1699 1020 1798 1061 quae

532 1069 639 1109 inter
669 1070 704 1108 se
739 1081 989 1124 comparatae
1027 1072 1196 1110 totidem
1239 1070 1533 1110 subministrant
1568 1070 1799 1111 theorema-

533 1142 568 1173 ta
605 1133 696 1186 plus
732 1133 865 1172 minus
899 1133 1094 1184 elegantia
1115 1165 1126 1183 ,
1173 1133 1387 1185 aliquando
1417 1134 1542 1173 etiam
1576 1135 1760 1175 fastidioia
1791 1165 1801 1185 ,

530 1195 560 1237 fi
594 1195 766 1235 velimus
801 1196 842 1235 in
876 1196 1040 1239 diuersis
1076 1196 1385 1249 expreisionibus
1419 1197 1676 1239 identitatem
1722 1210 1796 1237 va-

532 1258 629 1299 loris
684 1259 981 1307 demonstrare,
1017 1261 1109 1311 quia
1142 1272 1221 1299 non
1264 1260 1381 1301 aliter
1413 1262 1600 1301 differunt
1633 1295 1642 1312 ,
1675 1272 1796 1312 quam

531 1324 680 1370 forma,
711 1335 808 1375 quae
840 1323 1049 1366 arbitraria
1085 1324 1135 1363 eil
1172 1321 1473 1376 multiplicique
1510 1326 1630 1364 modo
1647 1325 1798 1366 diuersa

529 1385 602 1427 effe
638 1387 791 1439 potest:
843 1396 1005 1441 oportet
1041 1389 1174 1440 itaque
1208 1399 1352 1427 omnes
1379 1397 1421 1428 et
1453 1387 1624 1438 singulas
1667 1399 1799 1439 quan-

530 1451 662 1491 titates
694 1451 739 1490 ad
772 1452 939 1492 eandem
974 1451 1345 1490 denominationem
1403 1450 1588 1490 reducere
1609 1481 1619 1499 ,
1673 1450 1700 1489 si
1757 1451 1800 1492 id

528 1512 616 1554 fieri
639 1513 1022 1567 poffit‚priusquarn
1057 1517 1103 1554 de
1139 1511 1378 1565 aequalitate
1413 1512 1476 1553 vel
1511 1514 1794 1564 inaequalitate

527 1579 800 1628 quantitatum
835 1576 946 1629 signo
980 1575 1098 1617 Sinus
1132 1574 1195 1615 vel
1229 1575 1375 1624 Cofinus
1411 1575 1690 1616 inuolutarum
1725 1578 1792 1614 iu·-

525 1639 683 1680 dicium
739 1639 841 1680 fizrre
888 1639 1029 1689 liceat,
1082 1638 1155 1678 nisi
1203 1651 1248 1679 ea
1279 1640 1324 1678 de
1361 1651 1401 1678 re
1437 1650 1505 1692 per
1538 1636 1791 1678 theoremata

526 1703 613 1744 iam
667 1703 937 1745 demonstrata
989 1703 1148 1743 constet.
1215 1703 1301 1741 Hoc
1353 1703 1441 1742 ideo
1473 1704 1513 1742 in
1550 1701 1790 1742 anteceisum

525 1767 773 1808 monendum
807 1766 881 1809 effe
914 1768 1032 1816 duxi,
1065 1778 1111 1813 ne
1147 1765 1377 1806 huiusmodi
1401 1765 1670 1816 discussioncs,
1690 1777 1794 1816 quae

524 1830 621 1872 solis·
649 1831 863 1883 principiis¹
895 1842 990 1883 pure
1024 1831 1277 1880 geometricis
1313 1840 1428 1883 atque
1486 1826 1637 1880 analyfi
1690 1827 1789 1867 vul-

523 1895 608 1945 gari
644 1892 949 1945 conficiuntur,
986 1895 1034 1934 ad
1063 1904 1327 1934 communem
1360 1896 1584 1936 referantur
1622 1891 1787 1932 censum

521 1968 619 1997 cnm
655 1957 759 2005 illis,
791 1959 836 2000 de
869 1960 1022 2010 quibus·
1045 1969 1147 1997 mox
1180 1957 1309 1997 sermo
1335 1959 1416 1998 erit
1445 1966 1486 1997 et
1518 1966 1616 2007 quae
1652 1965 1791 1994 neces-⁷

522 2018 631 2062 strio
662 2021 861 2070 requirere
896 2023 1086 2062 videntur
1118 2019 1374 2073 principium,
1406 2017 1510 2060 illud,
1542 2015 1647 2070 quasi
1699 2027 1788 2055 me-

522 2081 808 2136 saphyrum,
860 2086 976 2126 cuius
1027 2083 1143 2125 vsum
1193 2082 1271 2124 feci
1319 2083 1364 2125 in
1416 2081 1696 2129 schediasmate
1734 2080 1787 2120 de

1602 2145 1787 2186 summa-
