1987 2600
569 233 625 281 65
638 233 660 272 8
952 217 1444 266 OBSERVATIONES

629 354 668 389 3.
710 334 893 378 Variatio
928 338 1104 378 maxima
1144 349 1182 376 2.
1205 347 1263 384 03
1301 331 1369 376 vel
1406 334 1481 380 2133
1517 329 1727 387 pollicum.

621 435 663 472 4.
703 420 886 460 Medium
924 421 1027 458 inter
1063 418 1287 458 maximam
1322 415 1577 457 altitudinem
1609 423 1648 456 et
1701 417 1828 459 mini..

691 496 803 524 mam
842 496 909 532 27.
938 488 1008 524 86.

625 578 666 618 5.
701 564 895 609 Altitudo
929 566 1059 607 media
1093 565 1197 604 inter
1230 574 1370 603 omnes
1403 560 1623 602 obseruatas
1658 566 1727 602 28.
1756 574 1826 612 13·

623 664 666 701 6.
705 659 830 700 Porro
865 659 1090 699 mercurius
1131 655 1172 695 in
1208 656 1302 696 tubo
1336 654 1554 696 barometri
1597 657 1634 697 se
1675 654 1829 697 susten*

685 728 788 764 tabu
827 724 944 774 supra

753 802 866 851 2835}
898 802 997 856 poll.
1034 812 1105 855 per
1142 797 1223 839 dies
1257 809 1345 847 207

752 885 867 927 2835
903 877 1000 933 poll.
1038 888 1109 930 per
1143 877 1225 916 dies
1263 878 1370 925 227}

751 955 807 991 28
901 949 996 1004 poll.
1034 962 1103 1003 per
1135 951 1215 989 dies
1252 953 1358 997 251}

750 1026 860 1073 273?5
895 1024 991 1078 poll.
1028 1036 1095 1078 per
1130 1024 1210 1065 dies
1247 1028 1359 1074 272}
1391 1034 1432 1067 et
1466 1025 1582 1080 supra·

751 1103 864 1148 271⁹ss
897 1099 1000 1154 poll.
1038 1112 1111 1153 per
1142 1101 1223 1141 dies
1262 1113 1366 1149 292.

703 1201 819 1244 Vnde
853 1205 1116 1246 concluditur
1154 1208 1408 1249 mercurium
1445 1209 1480 1248 se
1509 1206 1731 1248 sustentafl‘e
1749 1218 1829 1260 pet·

552 1265 817 1309 interuallum
852 1269 1014 1311 dimidii
1048 1271 1140 1309 anni
1179 1270 1241 1306 vel
1283 1272 1383 1313 1823
1422 1270 1577 1308 dierum
1613 1273 1729 1320 {upra
1763 1270 1826 1310 al-

552 1332 775 1372 titudinem
814 1334 925 1377 2513}
960 1329 1059 1383 poll.
1095 1341 1195 1382 quae
1229 1330 1401 1370 altitudo
1435 1342 1515 1370 non
1552 1329 1666 1371 valde
1691 1331 1833 1373 differt

551 1404 572 1435 a
608 1393 752 1434 media.

702 1481 1019 1534 Comparatione
1053 1489 1188 1524 autem
1225 1483 1323 1524 facta
1364 1495 1457 1524 cum
1508 1483 1831 1527 conclusionibus·

549 1554 654 1597 quae
688 1556 739 1584 ex
775 1546 1114 1586 obseruationibus
1149 1550 1362 1600 praeterito
1397 1560 1501 1589 anno
1538 1560 1667 1594 1772.
1713 1550 1822 1590 fastis

551 1617 690 1648 erutae
726 1609 888 1649 fuerunt
915 1639 927 1659 ‚
957 1609 1299 1661 deprehendimus
1331 1612 1472 1652 flatum
1508 1613 1722 1655 barometti
1744 1616 1819 1653 hoc

557 1682 690 1718 1773.
724 1684 827 1713 anno
863 1676 1085 1724 generatim
1130 1675 1267 1718 multo
1314 1675 1504 1718 altiorem
1554 1677 1697 1732 fuiss‘e,
1743 1675 1829 1718 illo·

551 1736 806 1790 praecedenti
847 1748 980 1789 1772.
1016 1736 1124 1778 anni.

1613 2245 1650 2291 1.
1685 2245 1814 2292 Baro-⁴·
