1987 2600
450 139 559 185 PER
595 136 878 185 NVMEROS
909 137 1134 186 PRIMOS.
1347 154 1437 195 109

165 256 254 306 set3
290 261 406 308 atque
440 253 541 295 adeo
575 253 675 294 ordo
707 254 813 295 inter
849 255 936 297 istas
969 256 1117 297 radices
1150 265 1268 308 aeque
1287 253 1440 296 abscon-

164 319 273 360 ditus
306 320 467 360 videtur
487 345 499 368 ‚
530 330 572 359 ac
606 318 712 359 inter
747 319 849 373 ipsos
883 330 1073 361 numeros
1106 319 1273 373 primos.

370 505 401 508 „
633 426 985 487 Theorema.

326 519 395 567 31.
432 515 476 559 si
511 514 669 558 numeri
705 519 888 570 quadrati
924 529 994 570 per
1045 515 1280 571 quempiam
1331 515 1446 558 diui-⁴

172 582 301 621 sorem
340 582 525 634 primum
565 582 593 620 P
624 580 883 630 diruidantur,
915 579 1067 621 resm'ua
1105 581 1194 620 inde
1228 588 1315 619 orta
1336 611 1347 630 ,
1381 579 1456 623 ni<

169 643 198 682 fi
235 643 310 681 smt
344 658 393 690 0,
428 644 468 681 in
505 644 599 681 serie
635 642 888 684 residuorum
937 643 1138 697 completa
1187 643 1444 696 potestatibus

168 707 331 758 parium
368 713 647 756 exponentum
681 706 930 756 respondent.
1418 714 1421 717 ·

586 799 1032 862 Demonstratio.

329 910 391 956 Sit
423 926 495 968 pro
529 913 703 955 diuisore
739 913 876 967 primo
916 912 947 952 P
982 911 1098 952 radix
1131 911 1324 966 quaedam
1357 907 1448 963 pri-¹

177 979 324 1019 mitiua
358 992 403 1028 α,
440 982 484 1018 v‘t
520 976 612 1019 haec
651 976 868 1031 progrcffio
901 976 1147 1027 geometrica

281 1069 316 1105 1,
350 1065 391 1102 a,
429 1045 488 1104 α’,
519 1046 575 1104 α’,
609 1048 665 1107 cs,
698 1046 756 1105 (1⁵,
788 1044 848 1104 α’,
881 1043 923 1092 a⁷
957 1060 1033 1092 etc.

176 1133 317 1173 seriem
352 1130 601 1173 refiduorum
634 1132 886 1185 completam
913 1133 1119 1187 praebeat,
1155 1131 1197 1172 in
1216 1142 1291 1186 qua
1309 1141 1452 1173 ornnes

177 1197 338 1237 numeri
372 1196 549 1237 diuisore
582 1197 759 1237 minores
791 1206 1016 1238 occurrant.
1081 1194 1140 1237 Sit
1167 1196 1248 1236 iam
1265 1205 1333 1235 xx
1351 1205 1453 1247 qua-

176 1259 340 1300 dratum
377 1260 643 1315 quodcunque
676 1273 746 1314 per
792 1260 822 1300 P
872 1260 1172 1311 diuidendum,
1222 1267 1262 1298 et
1313 1268 1336 1298 r
1383 1268 1454 1298 re·-

178 1323 340 1365 fiduum
405 1336 459 1364 ex
515 1323 711 1366 diuisione
772 1324 913 1366 radicis
971 1335 999 1366 x
1057 1333 1197 1366 ortum
1225 1351 1237 1371 ,
1302 1330 1351 1362 vt
1402 1318 1453 1360 fit

178 1399 331 1427 xzm
351 1389 379 1427 P
400 1396 464 1434 -γ-
486 1401 529 1439 r;
562 1401 606 1430 ac
642 1388 671 1428 fi
705 1399 798 1429 r:
818 1405 863 1440 0,
896 1390 961 1430 seu
995 1400 1037 1430 x.
1062 1385 1308 1442 multiplum
1341 1384 1454 1427 diui-

180 1451 275 1491 soris
312 1449 366 1499 P,
398 1452 522 1490 etiam
560 1451 763 1492 residuum
800 1464 854 1492 ex
882 1452 1076 1505 quadrato
1107 1462 1182 1491 xx
1213 1458 1353 1491 natum
1371 1447 1453 1490 etit

179 1528 233 1555 z
256 1528 306 1563 0,
342 1525 444 1568 quos
476 1516 618 1568 casm,
668 1524 766 1556 cum
800 1527 871 1568 per
905 1517 942 1556 se
978 1513 1056 1555 sint
1104 1514 1336 1569 perspicui,
1386 1511 1456 1553 hic

181 1589 259 1617 non
291 1577 604 1618 consideramus.
690 1582 748 1618 At
782 1578 810 1619 fi
846 1592 867 1620 r
900 1577 948 1619 fit
983 1589 1179 1618 numerus
1221 1577 1455 1632 quicunque

179 1641 355 1683 diuisore
389 1641 417 1681 P
453 1642 619 1694 minor,
651 1643 742 1696 quia
778 1643 817 1683 in
853 1643 949 1683 serie
983 1640 1238 1683 refiduorum
1273 1638 1456 1694 comple-

183 1714 221 1743 ta
254 1714 360 1745 certe
393 1706 649 1758 continetur,
682 1718 733 1748 ex
765 1715 870 1747 certa
905 1707 1076 1760 quadam
1110 1705 1300 1760 potestate
1331 1702 1457 1757 ipsius

184 1779 223 1816 a,
255 1779 353 1819 quae
387 1768 434 1807 sit
467 1761 513 1808 αλ
547 1771 728 1811 nascatur
761 1770 906 1811 necesse
937 1771 1018 1819 est,
1060 1778 1149 1813 tum
1183 1779 1320 1816 autem
1356 1765 1459 1806 refi-

186 1829 314 1869 duum
346 1841 398 1869 ex
432 1830 626 1871 diuisione
657 1834 842 1885 quadrati
879 1845 952 1874 xx
983 1832 1205 1874 oriundum
1243 1828 1459 1873 conueniet

189 1905 287 1932 cum
341 1905 410 1942 eo,
452 1894 571 1944 *quod
605 1905 657 1935 ex
690 1893 885 1935 diuisione
917 1896 1116 1947 potestatis
1145 1888 1221 1936 ast
1253 1894 1462 1943 nascitur3

190 1957 320 2009 ficque
352 1967 405 1997 ex
435 1956 630 1998 diuisione
662 1957 950 2010 quadratorum
985 1957 1064 1998 alia
1095 1952 1246 1999 residua
1273 1957 1460 1998 resultare

189 2028 393 2074 nequeunt
414 2050 426 2069 ,
459 2006 533 2060 rhss
569 2033 669 2074 quae
701 2033 753 2062 ex
784 2021 1043 2075 potestatibus
1075 2023 1230 2063 formae
1261 2013 1345 2071 ast,
1379 2018 1459 2059 hoc

190 2085 266 2140 est,
296 2094 470 2140 quarum
503 2095 750 2142 exponentes
778 2086 869 2127 sunt
902 2085 1063 2129 numeri
1081 2097 1219 2143 parce,
1254 2083 1461 2127 oriuntur.

828 2212 831 2214 .
859 2167 897 2209 0
932 2178 956 2218 3
1075 2198 1091 2209 -,
1302 2161 1458 2211 Coton.
