1987 2600
586 200 676 242 500
880 176 1583 227 A‘DDITAMENTVM:

578 301 694 343 debet
732 295 805 336 effe
838 306 960 348 aeque
992 305 1162 334 concaua
1184 321 1196 342 ‚
1230 293 1359 334 radius
1392 293 1601 345 Vtriusque
1635 293 1741 337 fixciei
1768 298 1846 340 erit

579 379 630 406 z
661 375 700 409 1,
727 373 795 402 20.
816 369 842 413 q
862 373 911 401 z:
933 381 974 387 —-
993 372 1038 407 0,
1059 364 1175 404 5488
1201 358 1258 398 II.
1343 357 1504 397 ‘Iertiae
1535 357 1703 409 denique
1739 358 1852 401 lentis

581 424 812 465 coronariae
847 422 964 463 cuius
996 423 1176 461 dissanna
1213 420 1349 461 localis
1381 421 1435 461 est
1478 432 1499 460 r
1519 431 1569 457 Ξ
1595 431 1638 468 0,
1663 423 1781 468 5687
1804 422 1848 462 Π

584 489 679 544 quia
715 487 842 526 etiam
880 485 1068 536 vtrinque
1106 485 1272 536 ponitur
1304 494 1425 534 aeque
1467 495 1673 533 conuem,
1719 482 1852 522 radius

587 550 802 600 vtrihsque
853 548 961 588 faciei
1011 548 1122 587 debet
1174 545 1243 585 effe
1306 555 1321 581 1
1342 575 1353 594 ‚
1373 549 1444 583 06.
1468 559 1490 585 r
1508 559 1559 584 z
1580 557 1621 594 0,
1644 548 1762 586 6028
1784 547 1822 584 Π
1839 573 1854 588 .

587 611 854 656 Interuallum
891 609 1048 650 tandem
1084 607 1204 648 lentis
1240 609 1394 648 mediae
1414 609 1461 649 ab
1483 618 1650 662 vtraque
1669 618 1850 650 extrema

589 680 770 720 sumatur
800 688 850 716 z:
870 676 900 720 ἐς
919 685 942 728 q
959 686 1010 712 z
1032 686 1072 723 0,
1091 676 1207 720 0381
1236 672 1288 713 Π.

740 773 773 820 §.
812 783 854 822 7.
890 772 996 826 Quia
1031 770 1152 811 lentis
1183 768 1435 820 crystallinae
1466 770 1595 811 radius
1644 770 1849 824 vtriusque

587 834 701 875 faciei
736 836 790 875 est
823 849 871 876 z
893 846 942 883 e,
962 839 1080 883 5488
1102 836 1159 884 Π,
1189 834 1274 874 eius
1308 845 1396 886 pars
1428 846 1566 886 quarta
1593 835 1852 875 semidiame-

591 907 703 937 trum
738 898 842 939 dabit
875 908 1081 950 aperturae
1112 911 1163 937 z
1184 906 1227 944 0,
1253 908 1382 946 ¹372·
1406 897 1445 935 Π
1478 899 1581 935 vnde
1633 896 1718 936 talis
1766 895 1848 936 lens

590 959 811 1012 composita
847 960 892 999 ad
929 959 1316 1012 multiplicationem
1352 973 1396 1000 z
1415 970 1451 997 m
1470 959 1763 1011 producendam
1786 960 1850 999 ad-

585 1021 711 1063 hiberi
771 1022 919 1076 poterit
976 1023 1168 1062 sumendo
1217 1034 1262 1071 0,
1287 1033 1400 1070 1372
1424 1021 1464 1060 Π
1487 1036 1538 1061 z
1558 1022 1614 1071 ἕξ,
1666 1022 1767 1061 vnde
1799 1019 1849 1062 fit

587 1085 823 1152 Πῑό-Ϊζ-ὀς
874 1096 972 1137 quae
1016 1084 1314 1125 circumstantia
1349 1087 1556 1125 summum
1593 1084 1754 1124 lucrum
1793 1083 1854 1124 af-

589 1159 666 1198 fert
716 1159 755 1196 in
809 1152 1059 1210 telescopiis·
1085 1155 1376 1197 contrahendis.
1457 1156 1500 1199 Si
1551 1156 1658 1196 enim
1690 1170 1754 1198 ex.
1787 1167 1849 1207 gr.

588 1219 881 1273 multiplicatio
910 1232 945 1258 m
966 1235 1017 1260 z:
1043 1230 1126 1259 100
1146 1218 1412 1266 desideretur,
1437 1218 1513 1257 hoc
1534 1219 1715 1266 praestari
1738 1228 1848 1270 pote-

587 1284 643 1322 rit
664 1294 738 1335 ope
760 1281 848 1321 talis
866 1281 997 1327 lentis,
1015 1282 1127 1319 cuius
1148 1279 1324 1317 distantia
1343 1279 1473 1318 focalis
1492 1281 1588 1317 11:
1605 1290 1674 1327 14,
1690 1283 1743 1326 58
1764 1279 1843 1330 dig.

591 1342 672 1383 siue
710 1343 887 1381 nondum
931 1353 980 1391 15
1006 1342 1090 1389 dig.
1123 1352 1216 1379 cum
1252 1351 1338 1378 ante
1366 1342 1668 1391 requirerentur
1693 1353 1742 1389 25
1766 1343 1847 1393 dig.

590 1406 711 1461 Quod
749 1403 776 1442 sl
812 1414 944 1442 autem
981 1402 1103 1440 etiam
1142 1401 1181 1438 iu
1219 1400 1281 1438 his
1321 1401 1491 1439 lentibus
1543 1405 1693 1440 (umere
1745 1404 1851 1443 veli-

588 1479 683 1507 mus
739 1466 889 1513 11:2⁷²
940 1472 980 1501 ct
1031 1460 1371 1502 semidiametrum
1413 1472 1618 1514 aperturae
1651 1464 1849 1517 :ssdig

588 1528 680 1569 istae
719 1527 840 1567 lentes
874 1525 1095 1567 feliciffimo
1126 1537 1222 1565 cum
1257 1525 1420 1564 successu
1466 1525 1557 1565 loco
1608 1528 1847 1577 praeceden-

592 1592 700 1632 tium
732 1590 907 1630 substitui
947 1598 1152 1641 poterunt,
1184 1588 1504 1639 quandoquidem
1540 1588 1667 1627 laeues
1693 1589 1848 1629 aberra-

591 1656 720 1694 tiones
751 1664 771 1692 a
808 1652 1003 1693 meniuris
1039 1651 1289 1706 praescriptis
1322 1648 1385 1692 hic
1419 1650 1553 1693 multo
1586 1651 1720 1692 minus
1759 1653 1846 1696 (unt

592 1715 933 1773 pertimescendae.
1835 1706 1844 1709 “

1595 2157 1827 2205 PHYSICA
1837 2186 1849 2195 .
