1987 2600
545 179 577 216 6
866 172 968 215 DE
1031 150 1483 214 StNGVLAkt

545 285 779 341 explorandi
804 315 815 336 ,
848 285 946 340 quid
980 286 1176 327 formulae
1207 285 1299 326 istae
1333 283 1530 330 indicent,
1561 280 1589 321 fi
1612 291 1805 322 numerus

545 354 818 393 terminorum
855 361 878 389 n
913 348 1096 389 infinitus
1129 350 1337 398 statuatur,
1371 356 1417 387 vt
1451 343 1674 386 Boffutiana
1710 356 1806 386 cum

545 415 645 455 meis
666 417 844 455 conferte
868 413 1025 461 liceret,
1059 412 1384 463 inflammataque
1408 408 1557 462 cupido
1582 408 1678 459 fuit,
1711 418 1805 448 cum

544 479 728 519 viderem
789 477 928 517 subeffe
977 475 1166 528 aliquid,
1219 477 1259 515 in
1312 475 1390 515 hoc
1438 471 1656 521 examine,
1703 473 1809 522 quod

548 554 717 582 omnem
749 539 987 580 solutionem
1023 551 1123 592 pure
1157 539 1448 590 geometricam
1485 535 1812 583 eludat‚rursus-

547 616 625 658 que
659 605 705 645 ad
740 603 937 656 principia
972 604 1099 643 nostra
1135 599 1402 654 metaphyfica
1425 629 1436 648 ,
1473 598 1532 639 sed
1563 597 1645 639 alio
1678 597 1814 645 modo,

546 669 833 710 recurrendum
869 666 955 708 effe.
1021 666 1085 707 En
1120 675 1228 707 nunc
1258 665 1365 717 quod
1403 671 1465 701 res
1498 661 1562 702 est.

699 778 733 827 §.
756 792 797 827 4.
833 778 1020 818 Primum
1043 808 1055 828 ‚
1088 777 1192 828 quod
1213 775 1297 818 Cel.
1319 774 1437 828 Bqffizt
1455 774 1572 815 soluit
1596 771 1814 825 problema,

546 840 723 884 consistit
743 842 784 881 in
802 841 1039 881 summanda
1058 842 1152 881 serie
1173 840 1536 891 slnuum,qu0rum
1553 845 1665 876 arcus
1685 831 1815 874 arith-

545 906 739 947 meticam
774 906 951 945 formant
986 902 1296 958 progressionem
1324 931 1336 952 ,
1369 901 1574 941 nimirum
1609 897 1706 939 serie

613 976 1815 1036 fin.q-i-sm.2q÷fin.3q÷s1n.4q÷s1n.5q4....sm.n⁹

548 1065 594 1107 in
627 1076 704 1119 qua
740 1075 928 1104 numerus
961 1073 1007 1112 n,
1042 1063 1108 1115 qui
1147 1065 1300 1115 semper
1336 1063 1488 1112 integer
1535 1060 1621 1110 est,
1673 1058 1816 1113 expri-

552 1130 632 1170 mit
666 1127 983 1167 detetminatum
1022 1126 1297 1166 terminorum
1349 1126 1680 1165 summandorum
1735 1134 1819 1162 nu·-

552 1202 726 1232 merum.
808 1188 971 1230 Inuenit
1003 1199 1143 1230 autem
1180 1189 1365 1231 laudatus
1398 1186 1566 1231 Author
1601 1183 1817 1241 quaesitam

550 1254 660 1296 seriei
696 1253 900 1293 summam

686 1341 739 1369 :2
750 1318 931 1361 Μαι-ψ
942 1319 991 1352 cos·
1022 1319 1443 1397 ssqssss-‹ssssn

1008 1374 1019 1390 ι
1033 1379 1074 1387 —
1086 1371 1112 1390 co
1122 1381 1129 1389 .
1143 1374 1154 1389 z
1168 1372 1184 1398 q

557 1423 624 1464 vbi
663 1421 778 1463 litera
813 1434 838 1475 q
870 1423 1030 1464 denotat
1063 1424 1200 1465 datum
1235 1436 1374 1466 arcum
1413 1427 1453 1464 in
1487 1425 1669 1474 circulo,
1707 1424 1822 1466 cuiue

555 1487 690 1527 radius
723 1486 876 1526 vnitate
910 1487 1176 1538 exprimitur5
1214 1487 1309 1529 haee
1342 1498 1477 1528 autem
1516 1487 1689 1529 formula
1709 1491 1823 1528 sum·-

558 1549 733 1590 matoria
770 1558 858 1588 toto
891 1549 1006 1589 coelo
1039 1550 1169 1591 differt
1203 1552 1248 1591 ab
1278 1563 1352 1602 ea,
1399 1563 1521 1604 quarn
1559 1551 1714 1592 theoria
1761 1552 1823 1591 se-

560 1613 715 1652 tierum
749 1612 1044 1651 recurrentium
1093 1614 1386 1662 subministrat,
1435 1616 1623 1666 quamuis
1672 1615 1825 1653 vtrius·

562 1686 642 1728 que
677 1670 791 1714 valor
827 1674 993 1726 perfecte
1028 1674 1076 1715 fit
1107 1688 1211 1716 vnus
1261 1677 1478 1730 idemque,
1526 1689 1596 1717 nec
1643 1688 1822 1729 vnquam

565 1738 650 1780 vlla
684 1735 862 1777 laborant
896 1736 1140 1790 amphibolia
1174 1737 1246 1780 hae
1279 1740 1474 1780 formulae
1495 1770 1506 1789 ‚
1538 1740 1824 1793 qualiscunque

565 1811 757 1843 numerus
808 1802 1024 1855 accipiatur
1073 1803 1227 1854 integer
1278 1815 1355 1857 pro
1402 1804 1517 1844 litera
1568 1815 1619 1844 n:
1670 1805 1825 1855 semper

566 1867 676 1906 enim
711 1866 876 1905 termini
912 1866 1165 1906 summatorii
1200 1867 1380 1907 valorem
1415 1865 1606 1907 exhibent
1655 1864 1825 1920 perfecte

566 1930 737 1969 eundem
757 1957 769 1977 ,
815 1930 883 1981 qui
917 1929 962 1968 ab
995 1930 1195 1970 additione
1227 1930 1322 1971 reali
1358 1930 1628 1971 terminorum
1661 1929 1828 1980 oritur,

568 1992 857 2043 qualiscunque
908 2004 983 2043 pro
1033 2005 1056 2032 n
1109 1993 1325 2045 accipiatur
1374 2004 1564 2032 numerus
1597 1992 1751 2044 integer
1783 1999 1825 2033 et

567 2053 848 2106 qualiscunque
880 2053 928 2094 fit
963 2066 1077 2098 arcus
1106 2065 1141 2108 q.
1203 2055 1270 2096 Sic
1303 2057 1435 2108 itaque
1467 2054 1634 2097 dubium
1665 2054 1827 2104 nonest,

567 2116 666 2171 quin
698 2117 822 2159 etiam
858 2129 951 2158 vera
984 2118 1031 2160 fit
1073 2119 1296 2160 summatio
1343 2118 1572 2162 Boss'utiana
1619 2120 1661 2161 in
1707 2120 1828 2169 casu,

1743 2192 1826 2235 quo
