<?xml version="1.0" encoding="UTF-8"?>
<!DOCTYPE html PUBLIC "-//W3C//DTD XHTML 1.0 Transitional//EN"
    "http://www.w3.org/TR/xhtml1/DTD/xhtml1-transitional.dtd">
<html xmlns="http://www.w3.org/1999/xhtml" xml:lang="en" lang="en">
 <head>
  <title>
</title>
<meta http-equiv="Content-Type" content="text/html;charset=utf-8" />
  <meta name='ocr-system' content='tesseract 3.04.00' />
  <meta name='ocr-capabilities' content='ocr_page ocr_carea ocr_par ocr_line ocrx_word'/>
</head>
<body>
  <div class='ocr_page' id='page_1' title='image "./novicommentariac18impe_0431.png"; bbox 0 0 1987 2600; ppageno 0'>
   <div class='ocr_carea' id='block_1_1' title="bbox 487 122 1407 180">
    <p class='ocr_par' dir='ltr' id='par_1_1' title="bbox 487 122 1407 180">
     <span class='ocr_line' id='line_1_1' title="bbox 487 122 1407 180; baseline -0.002 -10"><span class='ocrx_word' id='word_1_1' title='bbox 487 122 1073 172; x_wconf 72' lang='lat' dir='ltr'>PLANETARVM,</span> <span class='ocrx_word' id='word_1_2' title='bbox 1311 135 1407 180; x_wconf 76' lang='lat'>359</span> 
     </span>
    </p>
   </div>
   <div class='ocr_carea' id='block_1_2' title="bbox 76 240 980 375">
    <p class='ocr_par' dir='ltr' id='par_1_2' title="bbox 76 240 980 375">
     <span class='ocr_line' id='line_1_2' title="bbox 76 240 449 295; baseline -0.019 -5"><span class='ocrx_word' id='word_1_3' title='bbox 76 258 80 261; x_wconf 82' lang='lat'>&#39;</span> <span class='ocrx_word' id='word_1_4' title='bbox 130 251 175 291; x_wconf 81' lang='lat' dir='ltr'>et-</span> <span class='ocrx_word' id='word_1_5' title='bbox 209 240 449 295; x_wconf 77' lang='lat' dir='ltr'>integrando</span> 
     </span>
     <span class='ocr_line' id='line_1_3' title="bbox 174 311 980 375; baseline 0 -17"><span class='ocrx_word' id='word_1_6' title='bbox 174 311 769 375; x_wconf 53' lang='grc' dir='ltr'>Δχ-,,-;--301--αιιιίῐη,</span> <span class='ocrx_word' id='word_1_7' title='bbox 796 313 980 369; x_wconf 61' lang='lat' dir='ltr'>q-i—-D3</span> 
     </span>
    </p>
   </div>
   <div class='ocr_carea' id='block_1_3' title="bbox 130 395 1412 972">
    <p class='ocr_par' dir='ltr' id='par_1_3' title="bbox 130 395 1412 972">
     <span class='ocr_line' id='line_1_4' title="bbox 132 395 1410 454; baseline -0.005 -9"><span class='ocrx_word' id='word_1_8' title='bbox 132 402 201 445; x_wconf 69' lang='lat' dir='ltr'>&#39;vbi</span> <span class='ocrx_word' id='word_1_9' title='bbox 240 403 371 444; x_wconf 82' lang='lat' dir='ltr'>statim</span> <span class='ocrx_word' id='word_1_10' title='bbox 403 399 534 454; x_wconf 80' lang='lat' dir='ltr'>liquet</span> <span class='ocrx_word' id='word_1_11' title='bbox 575 400 820 441; x_wconf 81' lang='lat' dir='ltr'>constantem</span> <span class='ocrx_word' id='word_1_12' title='bbox 871 397 907 439; x_wconf 93' lang='lat' dir='ltr'>C</span> <span class='ocrx_word' id='word_1_13' title='bbox 958 396 1189 438; x_wconf 85' lang='lat' dir='ltr'>euanescere</span> <span class='ocrx_word' id='word_1_14' title='bbox 1240 395 1410 449; x_wconf 88' lang='lat' dir='ltr'>debere,</span> 
     </span>
     <span class='ocr_line' id='line_1_5' title="bbox 130 459 1411 522; baseline -0.006 -14"><span class='ocrx_word' id='word_1_15' title='bbox 130 468 226 522; x_wconf 79' lang='lat' dir='ltr'>quia</span> <span class='ocrx_word' id='word_1_16' title='bbox 260 467 441 521; x_wconf 81' lang='lat' dir='ltr'>alioquin</span> <span class='ocrx_word' id='word_1_17' title='bbox 477 465 678 518; x_wconf 83' lang='lat' dir='ltr'>quantitas</span> <span class='ocrx_word' id='word_1_18' title='bbox 703 477 729 511; x_wconf 81' lang='grc' dir='ltr'><em>γ</em></span> <span class='ocrx_word' id='word_1_19' title='bbox 762 465 959 505; x_wconf 85' lang='lat' dir='ltr'>continuo</span> <span class='ocrx_word' id='word_1_20' title='bbox 991 473 1126 502; x_wconf 77' lang='lat' dir='ltr'>maior</span> <span class='ocrx_word' id='word_1_21' title='bbox 1153 459 1246 503; x_wconf 82' lang='lat' dir='ltr'>effet</span> <span class='ocrx_word' id='word_1_22' title='bbox 1268 466 1411 504; x_wconf 75' lang='lat' dir='ltr'>enatu-</span> 
     </span>
     <span class='ocr_line' id='line_1_6' title="bbox 131 526 1411 585; baseline -0.005 -12"><span class='ocrx_word' id='word_1_23' title='bbox 131 526 206 581; x_wconf 61' lang='grc' dir='ltr'>η’,</span> <span class='ocrx_word' id='word_1_24' title='bbox 252 532 362 585; x_wconf 86' lang='lat' dir='ltr'>quod</span> <span class='ocrx_word' id='word_1_25' title='bbox 397 529 522 572; x_wconf 90' lang='lat' dir='ltr'>indoli</span> <span class='ocrx_word' id='word_1_26' title='bbox 559 538 695 570; x_wconf 82' lang='lat' dir='ltr'>motus</span> <span class='ocrx_word' id='word_1_27' title='bbox 731 527 853 568; x_wconf 85' lang='lat' dir='ltr'>medii</span> <span class='ocrx_word' id='word_1_28' title='bbox 886 526 1158 568; x_wconf 82' lang='lat' dir='ltr'>aduersaretut</span> <span class='ocrx_word' id='word_1_29' title='bbox 1182 555 1194 576; x_wconf 91' lang='lat'>,</span> <span class='ocrx_word' id='word_1_30' title='bbox 1243 537 1294 566; x_wconf 86' lang='lat' dir='ltr'>ex</span> <span class='ocrx_word' id='word_1_31' title='bbox 1327 537 1411 579; x_wconf 88' lang='lat' dir='ltr'>quo</span> 
     </span>
     <span class='ocr_line' id='line_1_7' title="bbox 131 590 1411 650; baseline -0.005 -14"><span class='ocrx_word' id='word_1_32' title='bbox 131 597 328 650; x_wconf 84' lang='lat' dir='ltr'>sequitur,</span> <span class='ocrx_word' id='word_1_33' title='bbox 362 593 389 634; x_wconf 86' lang='lat' dir='ltr'><strong>fi</strong></span> <span class='ocrx_word' id='word_1_34' title='bbox 426 593 574 647; x_wconf 85' lang='lat' dir='ltr'>pofitio</span> <span class='ocrx_word' id='word_1_35' title='bbox 609 592 737 632; x_wconf 67' lang='lat' dir='ltr'>rectae</span> <span class='ocrx_word' id='word_1_36' title='bbox 769 590 847 632; x_wconf 90' lang='lat' dir='ltr'>SB</span> <span class='ocrx_word' id='word_1_37' title='bbox 882 592 961 631; x_wconf 84' lang='lat' dir='ltr'>rite</span> <span class='ocrx_word' id='word_1_38' title='bbox 1004 590 1129 631; x_wconf 85' lang='lat' dir='ltr'>fuerit</span> <span class='ocrx_word' id='word_1_39' title='bbox 1161 590 1376 631; x_wconf 83' lang='lat' dir='ltr'>constituta</span> <span class='ocrx_word' id='word_1_40' title='bbox 1398 616 1411 641; x_wconf 87' lang='lat'>,</span> 
     </span>
     <span class='ocr_line' id='line_1_8' title="bbox 133 653 1410 707; baseline -0.005 -7"><span class='ocrx_word' id='word_1_41' title='bbox 133 657 355 700; x_wconf 75' lang='lat' dir='ltr'>necessario</span> <span class='ocrx_word' id='word_1_42' title='bbox 388 657 460 696; x_wconf 77' lang='lat' dir='ltr'>efle</span> <span class='ocrx_word' id='word_1_43' title='bbox 492 665 679 707; x_wconf 81' lang='lat' dir='ltr'>oportere</span> <span class='ocrx_word' id='word_1_44' title='bbox 710 653 746 694; x_wconf 93' lang='lat' dir='ltr'>C</span> <span class='ocrx_word' id='word_1_45' title='bbox 765 667 817 692; x_wconf 75' lang='lat' dir='ltr'>:s</span> <span class='ocrx_word' id='word_1_46' title='bbox 836 667 886 701; x_wconf 89' lang='lat'>0,</span> <span class='ocrx_word' id='word_1_47' title='bbox 943 653 1085 694; x_wconf 88' lang='lat' dir='ltr'>deinde</span> <span class='ocrx_word' id='word_1_48' title='bbox 1135 654 1260 694; x_wconf 84' lang='lat' dir='ltr'>etiam</span> <span class='ocrx_word' id='word_1_49' title='bbox 1316 665 1410 707; x_wconf 88' lang='lat' dir='ltr'>per-</span> 
     </span>
     <span class='ocr_line' id='line_1_9' title="bbox 130 714 1411 777; baseline -0.004 -14"><span class='ocrx_word' id='word_1_50' title='bbox 130 723 318 777; x_wconf 86' lang='lat' dir='ltr'>spicuum</span> <span class='ocrx_word' id='word_1_51' title='bbox 368 719 454 765; x_wconf 84' lang='lat' dir='ltr'>est,</span> <span class='ocrx_word' id='word_1_52' title='bbox 502 728 543 756; x_wconf 87' lang='lat' dir='ltr'>et</span> <span class='ocrx_word' id='word_1_53' title='bbox 594 716 767 756; x_wconf 82' lang='lat' dir='ltr'>alteram</span> <span class='ocrx_word' id='word_1_54' title='bbox 821 715 1064 756; x_wconf 86' lang='lat' dir='ltr'>constantem</span> <span class='ocrx_word' id='word_1_55' title='bbox 1102 714 1145 755; x_wconf 96' lang='lat' dir='ltr'>D</span> <span class='ocrx_word' id='word_1_56' title='bbox 1182 728 1274 759; x_wconf 91' lang='lat' dir='ltr'>tuto</span> <span class='ocrx_word' id='word_1_57' title='bbox 1305 717 1411 758; x_wconf 86' lang='lat' dir='ltr'>sumi</span> 
     </span>
     <span class='ocr_line' id='line_1_10' title="bbox 132 779 1412 839; baseline -0.002 -14"><span class='ocrx_word' id='word_1_58' title='bbox 132 784 240 839; x_wconf 68' lang='lat' dir='ltr'>poste</span> <span class='ocrx_word' id='word_1_59' title='bbox 273 796 327 824; x_wconf 76' lang='lat' dir='ltr'>:z</span> <span class='ocrx_word' id='word_1_60' title='bbox 347 796 401 832; x_wconf 83' lang='lat' dir='ltr'>o,</span> <span class='ocrx_word' id='word_1_61' title='bbox 431 782 579 835; x_wconf 86' lang='lat' dir='ltr'>quippe</span> <span class='ocrx_word' id='word_1_62' title='bbox 615 782 721 833; x_wconf 64' lang='lat' dir='ltr'>quod</span> <span class='ocrx_word' id='word_1_63' title='bbox 754 779 798 820; x_wconf 84' lang='lat' dir='ltr'>in</span> <span class='ocrx_word' id='word_1_64' title='bbox 830 779 915 819; x_wconf 82' lang='lat' dir='ltr'>idea</span> <span class='ocrx_word' id='word_1_65' title='bbox 951 779 1220 831; x_wconf 85' lang='lat' dir='ltr'>longitudinis</span> <span class='ocrx_word' id='word_1_66' title='bbox 1257 781 1412 822; x_wconf 80' lang='lat' dir='ltr'>mediae</span> 
     </span>
     <span class='ocr_line' id='line_1_11' title="bbox 134 840 1356 904; baseline -0.002 -16"><span class='ocrx_word' id='word_1_67' title='bbox 134 849 286 904; x_wconf 79' lang='lat' dir='ltr'>pariter</span> <span class='ocrx_word' id='word_1_68' title='bbox 318 846 545 887; x_wconf 84' lang='lat' dir='ltr'>inuoluitur</span> <span class='ocrx_word' id='word_1_69' title='bbox 568 873 582 894; x_wconf 84' lang='lat'>,</span> <span class='ocrx_word' id='word_1_70' title='bbox 614 843 745 897; x_wconf 88' lang='lat' dir='ltr'>ficque</span> <span class='ocrx_word' id='word_1_71' title='bbox 783 854 859 897; x_wconf 87' lang='lat' dir='ltr'>pro</span> <span class='ocrx_word' id='word_1_72' title='bbox 892 841 968 883; x_wconf 93' lang='lat' dir='ltr'>hoc</span> <span class='ocrx_word' id='word_1_73' title='bbox 1002 844 1090 884; x_wconf 87' lang='lat' dir='ltr'>casu</span> <span class='ocrx_word' id='word_1_74' title='bbox 1126 840 1356 885; x_wconf 78' lang='lat' dir='ltr'>habebimus</span> 
     </span>
     <span class='ocr_line' id='line_1_12' title="bbox 237 917 1040 972; baseline -0.006 -8"><span class='ocrx_word' id='word_1_75' title='bbox 237 921 520 972; x_wconf 69' lang='lat' dir='ltr'>xzacofiq</span> <span class='ocrx_word' id='word_1_76' title='bbox 583 917 1040 971; x_wconf 71' lang='lat' dir='ltr'>etyz—2asm.q.</span> 
     </span>
    </p>
   </div>
   <div class='ocr_carea' id='block_1_4' title="bbox 140 1017 1419 1199">
    <p class='ocr_par' dir='ltr' id='par_1_4' title="bbox 140 1017 1419 1199">
     <span class='ocr_line' id='line_1_13' title="bbox 289 1017 1416 1074; baseline -0.003 -12"><span class='ocrx_word' id='word_1_77' title='bbox 289 1029 332 1067; x_wconf 90' lang='lat'>9.</span> <span class='ocrx_word' id='word_1_78' title='bbox 368 1017 549 1060; x_wconf 79' lang='lat' dir='ltr'>Euoluto</span> <span class='ocrx_word' id='word_1_79' title='bbox 580 1017 658 1074; x_wconf 71' lang='lat' dir='ltr'>hoc</span> <span class='ocrx_word' id='word_1_80' title='bbox 689 1020 776 1060; x_wconf 83' lang='lat' dir='ltr'>casu</span> <span class='ocrx_word' id='word_1_81' title='bbox 802 1047 815 1068; x_wconf 93' lang='lat'>‚</span> <span class='ocrx_word' id='word_1_82' title='bbox 860 1029 943 1071; x_wconf 92' lang='lat' dir='ltr'>quo</span> <span class='ocrx_word' id='word_1_83' title='bbox 983 1018 1150 1059; x_wconf 85' lang='lat' dir='ltr'>termini</span> <span class='ocrx_word' id='word_1_84' title='bbox 1198 1019 1372 1061; x_wconf 84' lang='lat' dir='ltr'>duarum</span> <span class='ocrx_word' id='word_1_85' title='bbox 1401 1049 1416 1071; x_wconf 95' lang='lat'>,</span> 
     </span>
     <span class='ocr_line' id='line_1_14' title="bbox 141 1079 1419 1136; baseline 0.001 -15"><span class='ocrx_word' id='word_1_86' title='bbox 141 1079 374 1136; x_wconf 84' lang='lat' dir='ltr'>pluriumue</span> <span class='ocrx_word' id='word_1_87' title='bbox 406 1082 707 1124; x_wconf 65' lang='lat' dir='ltr'>dimensionum</span> <span class='ocrx_word' id='word_1_88' title='bbox 744 1079 1007 1134; x_wconf 83' lang='lat' dir='ltr'>negliguntur</span> <span class='ocrx_word' id='word_1_89' title='bbox 1029 1110 1044 1134; x_wconf 91' lang='lat'>‚</span> <span class='ocrx_word' id='word_1_90' title='bbox 1079 1080 1109 1122; x_wconf 87' lang='lat' dir='ltr'>fi</span> <span class='ocrx_word' id='word_1_91' title='bbox 1142 1082 1194 1123; x_wconf 77' lang='lat' dir='ltr'>ils</span> <span class='ocrx_word' id='word_1_92' title='bbox 1226 1083 1419 1136; x_wconf 75' lang='lat' dir='ltr'>admistis,</span> 
     </span>
     <span class='ocr_line' id='line_1_15' title="bbox 140 1143 952 1199; baseline 0 -13"><span class='ocrx_word' id='word_1_93' title='bbox 140 1143 232 1188; x_wconf 84' lang='lat' dir='ltr'>loco</span> <span class='ocrx_word' id='word_1_94' title='bbox 263 1156 293 1186; x_wconf 80' lang='lat' dir='ltr'><em>x</em></span> <span class='ocrx_word' id='word_1_95' title='bbox 326 1155 367 1187; x_wconf 87' lang='lat' dir='ltr'>et</span> <span class='ocrx_word' id='word_1_96' title='bbox 398 1158 433 1199; x_wconf 84' lang='lat' dir='ltr'><em>y</em></span> <span class='ocrx_word' id='word_1_97' title='bbox 469 1145 541 1187; x_wconf 86' lang='lat' dir='ltr'>hos</span> <span class='ocrx_word' id='word_1_98' title='bbox 574 1149 760 1188; x_wconf 80' lang='lat' dir='ltr'>inuentos</span> <span class='ocrx_word' id='word_1_99' title='bbox 796 1143 952 1186; x_wconf 79' lang='lat' dir='ltr'>valores</span> 
     </span>
    </p>
   </div>
   <div class='ocr_carea' id='block_1_5' title="bbox 235 1219 1040 1277">
    <p class='ocr_par' dir='ltr' id='par_1_5' title="bbox 235 1219 1040 1277">
     <span class='ocr_line' id='line_1_16' title="bbox 235 1219 1040 1277; baseline -0.002 -14"><span class='ocrx_word' id='word_1_100' title='bbox 235 1221 521 1277; x_wconf 58' lang='lat' dir='ltr'>:exacos-q</span> <span class='ocrx_word' id='word_1_101' title='bbox 585 1219 1040 1276; x_wconf 71' lang='lat' dir='ltr'>etyz—2as1n.q</span> 
     </span>
    </p>
   </div>
   <div class='ocr_carea' id='block_1_6' title="bbox 138 1305 1440 1810">
    <p class='ocr_par' dir='ltr' id='par_1_6' title="bbox 138 1305 1440 1810">
     <span class='ocr_line' id='line_1_17' title="bbox 138 1305 1415 1362; baseline -0.001 -11"><span class='ocrx_word' id='word_1_102' title='bbox 138 1309 331 1351; x_wconf 82' lang='lat' dir='ltr'>existente</span> <span class='ocrx_word' id='word_1_103' title='bbox 364 1308 428 1362; x_wconf 77' lang='lat' dir='ltr'>dq</span> <span class='ocrx_word' id='word_1_104' title='bbox 447 1325 499 1352; x_wconf 72' lang='lat' dir='ltr'><strong><em>z</em></strong></span> <span class='ocrx_word' id='word_1_105' title='bbox 517 1309 627 1350; x_wconf 67' lang='lat' dir='ltr'>mdc</span> <span class='ocrx_word' id='word_1_106' title='bbox 664 1309 939 1352; x_wconf 81' lang='lat' dir='ltr'>substituamus</span> <span class='ocrx_word' id='word_1_107' title='bbox 969 1318 1009 1350; x_wconf 92' lang='lat' dir='ltr'>et</span> <span class='ocrx_word' id='word_1_108' title='bbox 1031 1305 1218 1362; x_wconf 69' lang='lat' dir='ltr'>producta</span> <span class='ocrx_word' id='word_1_109' title='bbox 1237 1306 1415 1353; x_wconf 87' lang='lat' dir='ltr'>Sinuum</span> 
     </span>
     <span class='ocr_line' id='line_1_18' title="bbox 141 1372 1417 1426; baseline 0 -12"><span class='ocrx_word' id='word_1_110' title='bbox 141 1383 184 1414; x_wconf 86' lang='lat' dir='ltr'>et</span> <span class='ocrx_word' id='word_1_111' title='bbox 217 1373 441 1414; x_wconf 85' lang='lat' dir='ltr'>Cofinuum</span> <span class='ocrx_word' id='word_1_112' title='bbox 477 1375 524 1413; x_wconf 83' lang='lat' dir='ltr'>ad</span> <span class='ocrx_word' id='word_1_113' title='bbox 558 1373 760 1426; x_wconf 71' lang='lat' dir='ltr'>simplices</span> <span class='ocrx_word' id='word_1_114' title='bbox 791 1373 911 1414; x_wconf 86' lang='lat' dir='ltr'>Sinus</span> <span class='ocrx_word' id='word_1_115' title='bbox 944 1373 1010 1415; x_wconf 85' lang='lat' dir='ltr'>vel</span> <span class='ocrx_word' id='word_1_116' title='bbox 1043 1372 1212 1414; x_wconf 84' lang='lat' dir='ltr'>Cosmus</span> <span class='ocrx_word' id='word_1_117' title='bbox 1244 1386 1417 1416; x_wconf 88' lang='lat' dir='ltr'>reuoce-</span> 
     </span>
     <span class='ocr_line' id='line_1_19' title="bbox 144 1435 1415 1491; baseline 0.003 -14"><span class='ocrx_word' id='word_1_118' title='bbox 144 1447 237 1478; x_wconf 82' lang='lat' dir='ltr'>mus</span> <span class='ocrx_word' id='word_1_119' title='bbox 260 1468 271 1486; x_wconf 85' lang='lat'>,</span> <span class='ocrx_word' id='word_1_120' title='bbox 313 1437 352 1475; x_wconf 92' lang='lat' dir='ltr'>in</span> <span class='ocrx_word' id='word_1_121' title='bbox 387 1436 522 1490; x_wconf 87' lang='lat' dir='ltr'>prima</span> <span class='ocrx_word' id='word_1_122' title='bbox 555 1438 785 1490; x_wconf 79' lang='lat' dir='ltr'>aequatione</span> <span class='ocrx_word' id='word_1_123' title='bbox 820 1435 987 1476; x_wconf 85' lang='lat' dir='ltr'>termini</span> <span class='ocrx_word' id='word_1_124' title='bbox 1021 1435 1210 1478; x_wconf 61' lang='lat' dir='ltr'>hactenus</span> <span class='ocrx_word' id='word_1_125' title='bbox 1243 1438 1415 1491; x_wconf 62' lang='lat' dir='ltr'>negledti</span> 
     </span>
     <span class='ocr_line' id='line_1_20' title="bbox 141 1499 1417 1551; baseline 0.004 -13"><span class='ocrx_word' id='word_1_126' title='bbox 141 1500 341 1542; x_wconf 87' lang='lat' dir='ltr'>deducent</span> <span class='ocrx_word' id='word_1_127' title='bbox 391 1501 438 1540; x_wconf 84' lang='lat' dir='ltr'>ad</span> <span class='ocrx_word' id='word_1_128' title='bbox 485 1499 624 1540; x_wconf 84' lang='lat' dir='ltr'>seriem</span> <span class='ocrx_word' id='word_1_129' title='bbox 659 1510 866 1540; x_wconf 89' lang='lat' dir='ltr'>certorum</span> <span class='ocrx_word' id='word_1_130' title='bbox 902 1499 1125 1541; x_wconf 82' lang='lat' dir='ltr'>Cosmuum</span> <span class='ocrx_word' id='word_1_131' title='bbox 1147 1530 1159 1551; x_wconf 91' lang='lat'>,</span> <span class='ocrx_word' id='word_1_132' title='bbox 1209 1502 1252 1542; x_wconf 89' lang='lat' dir='ltr'>in</span> <span class='ocrx_word' id='word_1_133' title='bbox 1286 1503 1417 1544; x_wconf 81' lang='lat' dir='ltr'>altera</span> 
     </span>
     <span class='ocr_line' id='line_1_21' title="bbox 143 1563 1419 1615; baseline 0.004 -13"><span class='ocrx_word' id='word_1_134' title='bbox 143 1572 278 1607; x_wconf 75' lang='lat' dir='ltr'>autem</span> <span class='ocrx_word' id='word_1_135' title='bbox 311 1564 548 1615; x_wconf 84' lang='lat' dir='ltr'>aequatione</span> <span class='ocrx_word' id='word_1_136' title='bbox 580 1565 629 1605; x_wconf 86' lang='lat' dir='ltr'>ad</span> <span class='ocrx_word' id='word_1_137' title='bbox 679 1563 855 1605; x_wconf 76' lang='lat' dir='ltr'>similem</span> <span class='ocrx_word' id='word_1_138' title='bbox 905 1565 1046 1605; x_wconf 88' lang='lat' dir='ltr'>seriem</span> <span class='ocrx_word' id='word_1_139' title='bbox 1091 1574 1297 1606; x_wconf 85' lang='lat' dir='ltr'>certorum</span> <span class='ocrx_word' id='word_1_140' title='bbox 1349 1564 1419 1607; x_wconf 81' lang='lat' dir='ltr'>Si-</span> 
     </span>
     <span class='ocr_line' id='line_1_22' title="bbox 143 1628 1421 1681; baseline 0.001 -12"><span class='ocrx_word' id='word_1_141' title='bbox 143 1638 275 1669; x_wconf 85' lang='lat' dir='ltr'>nuum</span> <span class='ocrx_word' id='word_1_142' title='bbox 301 1654 314 1676; x_wconf 86' lang='lat'>‚</span> <span class='ocrx_word' id='word_1_143' title='bbox 346 1638 512 1680; x_wconf 80' lang='lat' dir='ltr'>propter</span> <span class='ocrx_word' id='word_1_144' title='bbox 546 1638 647 1681; x_wconf 87' lang='lat' dir='ltr'>quos</span> <span class='ocrx_word' id='word_1_145' title='bbox 676 1628 816 1669; x_wconf 88' lang='lat' dir='ltr'>deinde</span> <span class='ocrx_word' id='word_1_146' title='bbox 850 1637 934 1668; x_wconf 85' lang='lat' dir='ltr'>tam</span> <span class='ocrx_word' id='word_1_147' title='bbox 968 1639 1021 1679; x_wconf 84' lang='lat' dir='ltr'>x,</span> <span class='ocrx_word' id='word_1_148' title='bbox 1053 1640 1174 1681; x_wconf 80' lang='lat' dir='ltr'>quam</span> <span class='ocrx_word' id='word_1_149' title='bbox 1196 1642 1232 1680; x_wconf 92' lang='lat' dir='ltr'><em>y</em></span> <span class='ocrx_word' id='word_1_150' title='bbox 1264 1629 1421 1670; x_wconf 82' lang='lat' dir='ltr'>ssmiles</span> 
     </span>
     <span class='ocr_line' id='line_1_23' title="bbox 144 1688 1440 1748; baseline 0 -15"><span class='ocrx_word' id='word_1_151' title='bbox 144 1688 265 1733; x_wconf 84' lang='lat' dir='ltr'>Sinus</span> <span class='ocrx_word' id='word_1_152' title='bbox 297 1690 516 1732; x_wconf 86' lang='lat' dir='ltr'>Cofinusue</span> <span class='ocrx_word' id='word_1_153' title='bbox 545 1692 764 1747; x_wconf 65' lang='lat' dir='ltr'>complecti</span> <span class='ocrx_word' id='word_1_154' title='bbox 817 1691 1042 1741; x_wconf 88' lang='lat' dir='ltr'>debebunt,</span> <span class='ocrx_word' id='word_1_155' title='bbox 1088 1695 1158 1746; x_wconf 87' lang='lat' dir='ltr'>qui</span> <span class='ocrx_word' id='word_1_156' title='bbox 1212 1692 1440 1748; x_wconf 89' lang='lat' dir='ltr'>quomodo·</span> 
     </span>
     <span class='ocr_line' id='line_1_24' title="bbox 148 1753 1369 1810; baseline -0.001 -12"><span class='ocrx_word' id='word_1_157' title='bbox 148 1753 260 1798; x_wconf 86' lang='lat' dir='ltr'>facile</span> <span class='ocrx_word' id='word_1_158' title='bbox 296 1753 456 1796; x_wconf 83' lang='lat' dir='ltr'>definiri</span> <span class='ocrx_word' id='word_1_159' title='bbox 490 1768 634 1809; x_wconf 79' lang='lat' dir='ltr'>queant</span> <span class='ocrx_word' id='word_1_160' title='bbox 657 1788 669 1809; x_wconf 90' lang='lat'>,</span> <span class='ocrx_word' id='word_1_161' title='bbox 700 1756 927 1810; x_wconf 84' lang='lat' dir='ltr'>generatim</span> <span class='ocrx_word' id='word_1_162' title='bbox 960 1756 1163 1800; x_wconf 54' lang='lat' dir='ltr'>osttndiffie</span> <span class='ocrx_word' id='word_1_163' title='bbox 1198 1757 1369 1798; x_wconf 81' lang='lat' dir='ltr'>iuuabit.</span> 
     </span>
    </p>
   </div>
   <div class='ocr_carea' id='block_1_7' title="bbox 149 1840 1438 2207">
    <p class='ocr_par' dir='ltr' id='par_1_7' title="bbox 309 1840 1422 1900">
     <span class='ocr_line' id='line_1_25' title="bbox 309 1840 1422 1900; baseline 0.004 -19"><span class='ocrx_word' id='word_1_164' title='bbox 309 1840 377 1884; x_wconf 75' lang='lat' dir='ltr'>xo.</span> <span class='ocrx_word' id='word_1_165' title='bbox 428 1843 628 1883; x_wconf 77' lang='lat' dir='ltr'>Ponamus·</span> <span class='ocrx_word' id='word_1_166' title='bbox 697 1845 824 1896; x_wconf 84' lang='lat' dir='ltr'>igitur</span> <span class='ocrx_word' id='word_1_167' title='bbox 888 1856 962 1897; x_wconf 84' lang='lat' dir='ltr'>per</span> <span class='ocrx_word' id='word_1_168' title='bbox 1020 1845 1422 1900; x_wconf 78' lang='lat' dir='ltr'>approximationem</span> 
     </span>
    </p>

    <p class='ocr_par' dir='ltr' id='par_1_8' title="bbox 149 1905 1438 2207">
     <span class='ocr_line' id='line_1_26' title="bbox 149 1905 1424 1960; baseline 0.003 -12"><span class='ocrx_word' id='word_1_169' title='bbox 149 1905 237 1948; x_wconf 83' lang='lat' dir='ltr'>iam</span> <span class='ocrx_word' id='word_1_170' title='bbox 275 1917 348 1960; x_wconf 89' lang='lat' dir='ltr'>pro</span> <span class='ocrx_word' id='word_1_171' title='bbox 378 1917 408 1946; x_wconf 85' lang='lat' dir='ltr'><strong><em>x</em></strong></span> <span class='ocrx_word' id='word_1_172' title='bbox 440 1915 567 1957; x_wconf 87' lang='lat' dir='ltr'>ety‚</span> <span class='ocrx_word' id='word_1_173' title='bbox 597 1905 696 1958; x_wconf 89' lang='lat' dir='ltr'>quin</span> <span class='ocrx_word' id='word_1_174' title='bbox 729 1909 852 1948; x_wconf 82' lang='lat' dir='ltr'>etiam</span> <span class='ocrx_word' id='word_1_175' title='bbox 895 1920 972 1960; x_wconf 91' lang='lat' dir='ltr'>pro</span> <span class='ocrx_word' id='word_1_176' title='bbox 1021 1920 1051 1948; x_wconf 83' lang='lat' dir='ltr'><em>z</em></span> <span class='ocrx_word' id='word_1_177' title='bbox 1099 1922 1230 1951; x_wconf 87' lang='lat' dir='ltr'>certos</span> <span class='ocrx_word' id='word_1_178' title='bbox 1277 1907 1424 1951; x_wconf 83' lang='lat' dir='ltr'>huius-</span> 
     </span>
     <span class='ocr_line' id='line_1_27' title="bbox 152 1967 1422 2024; baseline 0.002 -12"><span class='ocrx_word' id='word_1_179' title='bbox 152 1971 262 2012; x_wconf 86' lang='lat' dir='ltr'>modi</span> <span class='ocrx_word' id='word_1_180' title='bbox 299 1970 457 2011; x_wconf 80' lang='lat' dir='ltr'>valorcs</span> <span class='ocrx_word' id='word_1_181' title='bbox 499 1967 572 2011; x_wconf 80' lang='lat' dir='ltr'>effe</span> <span class='ocrx_word' id='word_1_182' title='bbox 609 1967 823 2022; x_wconf 69' lang='lat' dir='ltr'>inuentos,</span> <span class='ocrx_word' id='word_1_183' title='bbox 856 1982 1003 2024; x_wconf 87' lang='lat' dir='ltr'>eosque</span> <span class='ocrx_word' id='word_1_184' title='bbox 1037 1971 1080 2011; x_wconf 91' lang='lat' dir='ltr'>in</span> <span class='ocrx_word' id='word_1_185' title='bbox 1117 1972 1301 2014; x_wconf 85' lang='lat' dir='ltr'>terminis</span> <span class='ocrx_word' id='word_1_186' title='bbox 1334 1975 1422 2014; x_wconf 88' lang='lat' dir='ltr'>mi·-</span> 
     </span>
     <span class='ocr_line' id='line_1_28' title="bbox 154 2032 1438 2089; baseline 0.001 -13"><span class='ocrx_word' id='word_1_187' title='bbox 154 2034 348 2085; x_wconf 81' lang='lat' dir='ltr'>noribus,</span> <span class='ocrx_word' id='word_1_188' title='bbox 391 2036 454 2075; x_wconf 85' lang='lat' dir='ltr'>s&#39;eu</span> <span class='ocrx_word' id='word_1_189' title='bbox 489 2032 537 2074; x_wconf 83' lang='lat' dir='ltr'>iis</span> <span class='ocrx_word' id='word_1_190' title='bbox 568 2035 638 2087; x_wconf 91' lang='lat' dir='ltr'>qui</span> <span class='ocrx_word' id='word_1_191' title='bbox 672 2036 767 2075; x_wconf 80' lang='lat' dir='ltr'>duas</span> <span class='ocrx_word' id='word_1_192' title='bbox 799 2032 979 2089; x_wconf 84' lang='lat' dir='ltr'>pluresue</span> <span class='ocrx_word' id='word_1_193' title='bbox 1011 2037 1223 2077; x_wconf 87' lang='lat' dir='ltr'>continent</span> <span class='ocrx_word' id='word_1_194' title='bbox 1256 2035 1438 2083; x_wconf 23' lang='lat' dir='ltr'>dimen-t-</span> 
     </span>
     <span class='ocr_line' id='line_1_29' title="bbox 152 2097 1422 2155; baseline 0.001 -15"><span class='ocrx_word' id='word_1_195' title='bbox 152 2097 277 2140; x_wconf 74' lang='lat' dir='ltr'>siones</span> <span class='ocrx_word' id='word_1_196' title='bbox 302 2129 314 2152; x_wconf 90' lang='lat'>,</span> <span class='ocrx_word' id='word_1_197' title='bbox 365 2109 446 2140; x_wconf 83' lang='lat' dir='ltr'>tam</span> <span class='ocrx_word' id='word_1_198' title='bbox 481 2100 637 2153; x_wconf 79' lang='lat' dir='ltr'>primae</span> <span class='ocrx_word' id='word_1_199' title='bbox 668 2110 793 2155; x_wconf 82' lang='lat' dir='ltr'>quam</span> <span class='ocrx_word' id='word_1_200' title='bbox 826 2099 1014 2141; x_wconf 86' lang='lat' dir='ltr'>secundae</span> <span class='ocrx_word' id='word_1_201' title='bbox 1046 2100 1295 2155; x_wconf 80' lang='lat' dir='ltr'>aequationis</span> <span class='ocrx_word' id='word_1_202' title='bbox 1326 2101 1422 2142; x_wconf 84' lang='lat' dir='ltr'>sub-</span> 
     </span>
     <span class='ocr_line' id='line_1_30' title="bbox 185 2164 1424 2207; baseline 0.004 -9"><span class='ocrx_word' id='word_1_203' title='bbox 185 2187 187 2189; x_wconf 62' lang='lat'>.</span> <span class='ocrx_word' id='word_1_204' title='bbox 1297 2164 1424 2207; x_wconf 82' lang='lat' dir='ltr'>stitui.</span> 
     </span>
    </p>
   </div>
  </div>
 </body>
</html>
