1987 2600
400 145 635 199 SOLIS
699 143 1164 194 PETROPOLI.
1323 158 1411 204 ⁵87

144 269 256 313 tione
291 271 428 313 Lunae
459 270 662 323 apparenti
683 295 695 317 ,
747 279 846 322 quae
881 267 1055 321 aequalis
1090 265 1256 306 habetur
1292 266 1409 308 diffe-

139 336 289 377 rent-iae
325 338 427 376 inter
460 334 768 376 declinationem
806 344 946 373 veram
983 344 1023 372 et
1061 331 1281 371 Parallaxin
1334 335 1412 372 de-

72 393 76 397 ’
139 399 403 451 enuntietis,
453 401 716 451 cognoicetur
764 395 987 436 differentia
1040 395 1309 436 ascensionum
1346 408 1409 435 re-

139 464 301 504 starum
351 475 573 518 apparens,
623 473 720 501 cum
762 472 840 514 qua
874 459 902 500 st
938 459 1152 500 Parati-axis
1183 459 1412 501 aicensionis

140 528 273 568 rust-ae
308 529 372 569 vel
406 527 586 567 addendo
621 526 687 566 vel
724 523 1025 575 subtrahendo,
1079 533 1200 577 prout
1232 525 1413 564 circum-

138 592 301 634 stantiae
333 590 527 645 postulant
547 621 559 640 ‚
592 589 876 640 combinetur3
921 588 1155 629 inuenietur
1187 588 1411 630 differentia

136 656 413 696 ascentionum
451 653 657 694 feet-arum
714 665 818 693 vera.
904 653 983 692 Hac
1035 663 1172 693 autem
1218 654 1411 704 cognita,

136 731 215 771 ope
253 728 386 759 motus
416 717 573 757 relatiui
624 717 762 774 Lunae
813 716 854 754 in
911 715 1172 757 ascensionem
1230 715 1410 768 rectam,

133 782 292 823 dabitur
327 792 519 834 tempu-s,
567 781 674 834 quod
709 781 754 821 ad
791 779 923 832 ipsum
959 791 1120 833 tempus
1163 779 1415 821 obseruatio--

136 847 200 886 nis
234 846 351 896 addi,
404 844 467 886 vel
502 845 547 885 ab
597 858 645 886 eo
698 843 872 884 subtrahi
925 844 1067 893 debet,
1119 851 1165 882 vt
1219 843 1411 884 habeatur

138 917 300 962 tempus
334 909 631 949 coniunctionis
664 908 768 950 Solis
802 918 843 949 et
875 907 1012 947 Lunae
1048 906 1262 949 secundum
1287 909 1411 948 ascen-

135 972 290 1014 sionem
328 973 494 1013 rectam.
576 973 617 1014 Si
655 973 781 1023 igitur
816 972 893 1012 hoc
930 973 1051 1012 modo
1083 971 1224 1012 locum
1273 972 1409 1011 Lunae

138 1048 286 1078 verum
324 1038 532 1079 secundum
568 1037 827 1078 ascensionem
880 1035 1030 1075 rectam
1080 1044 1122 1075 et
1170 1036 1408 1077 declinatio-

134 1112 230 1140 nem
263 1100 427 1143 definire
460 1101 609 1149 liceat,
664 1100 754 1140 inde
791 1099 902 1140 facile
936 1109 1103 1139 eruetur
1137 1100 1243 1140 idem
1302 1099 1409 1139 locus

130 1164 344 1203 secundum
401 1164 723 1215 Longitudinem
775 1174 815 1205 et
872 1163 1152 1204 Latitudinem
1206 1162 1407 1204 definitus.

133 1226 262 1267 Porro
295 1225 322 1266 fi
357 1226 621 1277 expressiones
659 1239 732 1277 pro
778 1238 961 1278 tempore
1010 1227 1310 1269 coniunctionis
1357 1239 1409 1267 ex

132 1291 470 1331 obseruationibus
529 1290 569 1329 in
621 1289 776 1330 duobus
825 1288 992 1330 diuersis
1043 1290 1139 1330 locis
1190 1292 1409 1339 institutis,

133 1366 301 1402 erutae,
356 1355 460 1392 inter
495 1355 530 1391 se
566 1355 856 1392 combinentur
878 1383 889 1403 ‚
946 1351 1151 1394 habebitur
1185 1356 1407 1395 differentia

136 1417 461 1458 meridianorum
498 1426 572 1468 pro
605 1413 665 1454 his
699 1415 806 1455 locis.
891 1412 1110 1456 Caeterum
1152 1422 1244 1469 quia
1298 1418 1409 1460 locus

135 1481 278 1523 Lunae
312 1492 363 1520 ex
399 1478 812 1520 Tabults‘secundum
846 1479 1165 1529 Longitudinem
1199 1490 1241 1519 et
1293 1482 1412 1522 Lati-

134 1547 319 1586 tudinem
371 1542 616 1592 definiatur,
665 1544 822 1596 ipsaque
876 1544 1066 1583 Latitudo
1107 1542 1247 1583 Lunae
1297 1554 1409 1585 tem-

137 1611 296 1664 poribus
330 1607 552 1662 Eclipfium
590 1609 744 1661 semper
780 1607 829 1648 sit
862 1609 1008 1658 exigua
1031 1638 1042 1659 ‚
1092 1620 1187 1647 cum
1228 1607 1405 1650 declina—

136 1675 197 1713 tio
233 1674 316 1714 stitis
355 1684 493 1724 magna
527 1671 598 1713 effe
635 1671 777 1724 poffit‚
829 1672 1083 1713 commodius
1115 1672 1291 1712 omnino
1339 1674 1405 1713 vi-

135 1738 255 1778 detur
310 1740 489 1790 priorem
542 1734 723 1780 adhibere
774 1735 1053 1788 Methodum,
1107 1736 1259 1787 quippe
1307 1747 1406 1790 quae

134 1800 232 1842 huic
267 1803 346 1842 iam
379 1801 635 1841 adumbratae
678 1801 946 1842 concinnitate
995 1810 1036 1841 et
1085 1798 1277 1839 breuitate
1332 1803 1406 1843 vix

136 1868 351 1920 quicquam
383 1866 498 1907 cedit.
563 1864 804 1913 Tenendum
841 1876 975 1906 autem
1012 1865 1065 1905 est
1086 1892 1099 1914 ‚
1132 1874 1290 1918 praeter
1313 1866 1403 1907 Me-

135 1930 284 1972 thodos
336 1929 415 1970 iam
462 1938 804 1971 commemoratas
842 1928 1020 1968 infinitas
1053 1927 1148 1967 alias
1182 1928 1405 1979 excogitari

137 1994 242 2048 posse
271 2023 282 2044 ,
334 2006 408 2045 pro
457 1994 737 2046 computandis
789 1992 1124 2033 obseruationibus
1176 1991 1403 2047 Eclipfium

135 2058 240 2102 Solis
263 2088 274 2108 ‚
325 2057 369 2096 in
404 2069 543 2109 genere
577 2058 687 2097 enim
723 2058 859 2097 omnis
895 2053 1122 2096 Methodus
1158 2053 1256 2097 huic
1291 2058 1402 2099 insti-

139 2131 228 2165 tuto
281 2122 569 2172 adcommoda,
592 2122 677 2172 est,
733 2133 799 2174 per
853 2133 976 2176 qnam
1018 2120 1244 2173 inuestigari
1278 2122 1403 2177 potest

710 2185 870 2230 Ecce
907 2197 930 2223 2
1306 2197 1403 2229 con-
