1987 2600
373 153 1212 208 OSCILLATIONIS.
1330 167 1420 213 251

149 278 362 336 problema
395 277 578 320 nostrum
611 274 732 319 aliter
763 274 817 316 est
866 272 1217 328 aggrediendum3
1249 268 1425 318 fixcilitss

146 345 227 388 fere
280 343 335 385 est
384 342 630 384 solutionem
687 350 827 383 mente
865 340 1129 392 concipere,'
1155 348 1277 393 quam
1308 342 1427 380 'con-.-

146 419 310 462 .ceptam
344 407 461 461 plane
514 416 635 460 atque
685 403 856 446 dilucide
904 414 1138 460 exponere,
1189 400 1424 457 praesertim

146 484 244 513 cum
282 470 347 512 hic
381 473 515 513 sermo
547 468 597 510 fit
628 468 678 510 de
709 467 1039 510 osciliatiunculis
1072 466 1260 510 minimis
1279 463 1425 520 simul·-Z

149 536 231 592 que
280 533 574 577 variationibus
625 532 921 573 momentaneis
959 530 1154 574 infinities
1188 529 1425 573 minoribus.

149 599 420 654 Concipiatur
467 599 513 643 in
545 605 714 648 vtraque
748 595 882 648 figura
917 597 1047 639 nostra
1082 594 1202 637 filum
1235 606 1298 637 ac
1327 606 1424 648 gra-

148 667 292 707 vitatis
324 671 467 714 expers
486 690 499 710 ‚
531 660 596 699 cui
632 659 674 697 in
706 660 864 711 punc’co
894 671 917 700 c
949 671 1159 702 annexum
1191 658 1239 702 fit
1277 667 1426 714 corpus

143 739 272 780 ,graue
307 722 582 772 cuiuscunque
617 719 798 770 figurae:
847 723 968 763 fuerit
1000 733 1063 763 cr
1108 724 1195 764 axis
1235 724 1427 780 corpnris

136 787 223 829 -filo
271 798 334 828 ac
383 783 559 831 annexi:
609 783 732 824 fuerit
777 793 966 825 centrum
1001 786 1216 835 grauitatis
1246 788 1428 841 corporis

140 851 192 893 in
226 857 267 901 ες
299 849 572 892 confideretur
613 856 817 903 praeterea
866 847 924 890 in,
961 859 1035 889 axe
1081 850 1265 903 corporis
1316 851 1425 895 aliud

147 913 354 971 punctum
375 912 427 967 s,
462 913 503 952 in
536 923 620 966 quo
654 911 831 967 positum
867 921 1032 967 putetur
1063 923 1256 954 centrum
1305 914 1431 957 oscil-

149 979 314 1022 lationis
349 989 423 1033 pro
456 988 625 1030 corpore
660 976 770 1019 circa
806 977 999 1030 punstum.
1033 989 1056 1018 c
1084 976 1430 1033 oscillante,qua·

148 1043 181 1086 fi
217 1043 369 1084 sublato
403 1039 478 1082 filo
512 1054 597 1092 ac,
630 1042 736 1095 quod
769 1043 947 1094 adeoque
976 1049 1176 1087 centrum
1204 1042 1431 1087 oscillation-

142 1109 212 1151 nis
246 1107 297 1149 adr
328 1106 531 1148 theoriam
566 1116 829 1147 communem
867 1105 1147 1158 Hugeniauam
1179 1106 1297 1151 redit.

1449 581 1539 620 Tab.
1570 580 1597 623 Ῑ.

1448 631 1528 682 Fig.
1539 641 1570 669 2.
1593 644 1626 679 3.

301 1205 485 1247 Ponatur
517 1217 625 1246 nunc
661 1206 830 1258 systema
876 1205 1133 1260 propositum
1170 1218 1280 1249 acr
1320 1206 1431 1250 inter

149 1268 416 1313 osci'llandum
470 1269 692 1323 perueniss‘e
741 1270 782 1310 in
824 1267 948 1310 situm
980 1268 1090 1323 abq
1123 1279 1245 1324 atque
1280 1264 1428 1326 puncta

145 1344 183 1387 c,
214 1343 249 1386 t,
270 1333 308 1390 f
330 1333 566 1388 descripsisse
598 1334 755 1376 arculos
791 1332 905 1376 valde
946 1346 1091 1388 paruos
1128 1333 1216 1387 cb,
1250 1344 1336 1389 tg,
1363 1335 1430 1386 fd

149 1399 222 1451 qui
261 1411 337 1451 pro
368 1398 530 1440 lineolis
563 1400 680 1440 restis
711 1397 1030 1442 horizontalibus
1062 1396 1198 1441 haberi
1221 1409 1427 1457 poterunt,

138 1460 178 1503 ‘si
212 1462 356 1506 iisdem
388 1463 682 1503 conuenienter
713 1471 895 1505 vtamur.

298 1556 340 1599 Si
377 1570 477 1599 vero
517 1558 673 1610 integra
713 1559 894 1614 corporis
937 1559 1057 1600 maffa
1105 1561 1147 1602 in
1200 1561 1355 1616 puncsto
1401 1569 1421 1606 ε

145 1620 212 1663 vel
241 1633 270 1675 g
303 1633 375 1662 c-eu
410 1634 550 1663 centro
580 1623 793 1674 grauitatis
825 1632 1003 1676 ponatur
1036 1634 1294 1668 concentrata
1312 1629 1425 1669 eius-

146 1697 225 1739 que
260 1688 414 1739 pondus
448 1686 707 1741 exprimatur
753 1688 858 1729 linea
908 1688 1094 1730 verticali
1139 1689 1213 1743 gl>
1247 1690 1422 1746 haecque
1483 1719 1486 1722 -

150 1753 331 1803 potentia
367 1751 590 1792 resoluatur
623 1751 664 1793 in
693 1753 766 1807 gh
800 1762 960 1793 tantum
997 1765 1075 1793 non
1110 1753 1345 1797 verticaiem
1381 1765 1424 1797 et

150 1813 421 1866 potentiolam
458 1813 573 1854 valde
613 1827 778 1865 paruam
818 1829 902 1870 gm
943 1817 1072 1858 veluri
1104 1816 1422 1869 horizontalem3

145 1886 317 1929 apparet
354 1875 474 1916 filum
508 1877 580 1917 ab
611 1875 661 1919 fic
708 1881 813 1920 tendi
858 1878 988 1920 veluti
1033 1893 1055 1921 a
1109 1892 1196 1922 toto
1239 1883 1423 1937 corporis

151 1942 328 1995 pondere
360 1949 401 1980 et
433 1940 484 1980 ob
516 1940 758 1984 reaitionem
797 1943 910 1983 suam
952 1944 1156 1994 originem
1199 1945 1290 1987 dare
1342 1960 1420 2002 po.-

151 2008 296 2046 tentiae
328 2004 578 2055 contrariae,
609 2017 735 2058 quam
770 2006 1004 2058 exprimam
1039 2008 1144 2050 linea
1175 2007 1245 2050 bn
1279 2009 1319 2051 in
1339 2011 1420 2065 ipsa

149 2067 213 2110 fili
249 2068 502 2122 longitudine
534 2074 662 2110 iumta
686 2102 698 2121 ‚
730 2070 888 2124 eritque
921 2069 946 2111 b
967 2083 992 2110 n
1024 2076 1218 2126 proxime.
1246 2075 1420 2128 aequalis

140 2132 221 2191 ipfi
248 2134 320 2189 gl.
387 2133 637 2177 producatur
669 2135 754 2177 axis
787 2135 853 2187 qb
888 2147 1016 2192 vsque
1053 2136 1104 2179 in.
1128 2149 1149 2180 s
1190 2148 1310 2194 atque
1351 2151 1420 2180 res-

137 2225 144 2231 -
190 2239 195 2241 ,
749 2199 804 2243 li
841 2213 867 2241 2
1289 2201 1421 2247 solua-
