1987 2600
569 177 628 223 50
992 167 1416 227 »ἕέωὶὲῖεέω

722 276 1666 353 ASTRONOMICA·

1184 414 1228 472 Ι.

566 507 935 586 Comparatio
1006 508 1158 566 inter
1233 508 1556 567 Theoriam
1630 505 1831 566 Lunae

589 588 782 651 Illustr.
829 588 1020 651 Euleri
1061 604 1123 647 et
1165 590 1412 649 Tabulas
1455 591 1795 648 recentiores

968 672 1164 730 Celeb.
1211 674 1448 747 Mayeri.

677 803 934 866 Αυᾶοτε
979 803 1054 864 A.
1102 802 1142 863 I.
1188 801 1394 861 Lexell
1434 822 1561 882 pag.
1607 820 1727 878 537.

732 986 958 1040 omparatio
1006 985 1111 1026 inter
1162 982 1382 1026 Theoriam
1433 985 1568 1026 Lunae
1613 985 1744 1028 Euleri
1790 997 1832 1030 et

763 1050 933 1091 Tabulas
983 1049 1137 1101 Mayeri
1167 1048 1353 1090 adornata
1402 1048 1490 1090 heic
1540 1048 1735 1097 habetur,
1784 1052 1832 1092 ad

761 1111 1000 1165 exemplum
1047 1115 1134 1152 eius
1181 1124 1303 1165 quam
1338 1112 1505 1166 ipsemet
1536 1111 1682 1154 Illustr.
1719 1112 1832 1154 Eule-

578 1182 648 1213 rus
681 1173 854 1215 instituit
883 1176 988 1216 inter
1023 1178 1133 1215 suam
1167 1174 1390 1215 Theoriam
1425 1187 1464 1216 et
1498 1175 1670 1215 Tabulas
1702 1175 1834 1217 Luna·

579 1247 643 1276 res
673 1236 757 1279 Cel.
790 1239 837 1279 de
869 1236 1046 1279 Clairaut
1078 1251 1127 1278 eo
1158 1238 1364 1290 imprimis
1397 1238 1475 1279 fine
1495 1269 1506 1288 ,
1557 1249 1602 1278 vt
1637 1240 1725 1280 inde
1759 1252 1833 1280 va-

578 1297 687 1340 lores
719 1300 851 1342 saltem
888 1304 1077 1354 proxime
1110 1311 1226 1340 veros
1259 1313 1332 1353 pro
1362 1302 1659 1342 excentricitate
1694 1312 1734 1342 et
1766 1304 1830 1342 in-

577 1362 794 1404 clinatione
828 1365 956 1404 media
990 1365 1123 1404 Lunae
1155 1363 1327 1405 eliceret.
1393 1367 1448 1405 Vt
1480 1377 1580 1406 vero
1600 1366 1690 1405 haec
1711 1377 1829 1405 com-

578 1427 733 1479 paratio
765 1439 814 1467 eo
845 1427 1096 1468 commodius
1127 1427 1279 1467 institui
1315 1428 1436 1479 posset
1457 1455 1469 1476 ‚
1505 1428 1742 1480 praeprimis
1760 1440 1831 1468 ne-

578 1489 723 1529 cessum
758 1491 833 1528 fuit
865 1498 1104 1540 argumenta
1139 1490 1385 1530 Tabularum
1419 1503 1441 1530 a
1475 1490 1642 1539 Mayero
1674 1489 1828 1530 adhibi-

576 1559 616 1590 ta
666 1550 712 1591 ad
761 1553 1108 1592 denominationes
1156 1552 1381 1593 confimiles
1426 1553 1508 1600 iis,
1554 1564 1646 1606 quas
1679 1552 1829 1593 Illustr-

575 1612 738 1654 Eulerus
771 1616 811 1655 in
846 1616 908 1654 sua
940 1614 1119 1655 Theona
1150 1616 1190 1655 in
1224 1617 1337 1655 vsum
1388 1617 1548 1656 vocauit
1570 1647 1581 1666 ‚
1629 1627 1827 1657 reuocare.

575 1675 735 1719 Scilicet
767 1689 909 1720 omnes
937 1679 1189 1731 aequationes
1219 1680 1263 1718 ab
1295 1677 1430 1718 Eulero
1446 1677 1609 1727 allatae,
1642 1677 1712 1717 hos
1730 1690 1830 1730 qua·

577 1749 673 1780 tuor
704 1740 872 1793 angulos
903 1741 1154 1790 inuoluunt,
1194 1741 1486 1792 elongationem
1523 1742 1698 1782 mediam
1737 1741 1828 1781 Lu-

575 1814 648 1842 nae
678 1814 699 1840 a
732 1805 823 1845 Sole
844 1833 856 1854 ‚
900 1803 1144 1844 anomaliam
1177 1805 1355 1845 mediam
1391 1804 1556 1855 Lunae,
1603 1803 1826 1849 distantiam

572 1863 651 1918 loci
685 1864 823 1908 Lunae
855 1865 979 1907 medii
1011 1879 1031 1907 a
1066 1867 1159 1907 loco
1194 1868 1285 1908 nodi
1323 1867 1455 1907 medio
1493 1878 1533 1907 et
1583 1866 1824 1906 anomaliam

575 1929 751 1968 mediam
804 1928 905 1971 Solis
925 1961 936 1981 ‚
987 1931 1054 1981 qui
1106 1929 1243 1981 anguli
1295 1929 1439 1968 litteris
1466 1938 1509 1982 p,
1539 1941 1576 1980 q,
1609 1940 1644 1977 r,
1674 1933 1690 1966 t
1721 1929 1825 1982 apud

572 1988 752 2031 Eulcrum
783 1991 1047 2041 designantur.
1129 1991 1175 2030 In
1215 1991 1375 2031 Tabulis
1411 2003 1508 2030 vero
1542 1990 1693 2038 Mam-2·
1730 2004 1823 2045 par-

573 2052 652 2091 tim
687 2051 726 2091 hi
760 2054 928 2104 anguli,
977 2053 1123 2107 partim
1155 2053 1278 2093 etiam
1313 2066 1453 2093 eorum
1502 2054 1655 2094 valores
1704 2055 1824 2095 certis

570 2117 874 2170 aequationibus
905 2117 1071 2158 correeci
1102 2114 1362 2167 adhibentur,
1412 2128 1509 2170 quos
1541 2117 1661 2168 igitur
1709 2116 1824 2158 litte·

1762 2193 1818 2222 ris
