1987 2600
514 89 605 127 608
672 73 1153 127 OBSERVATIONES
1193 66 1656 116 ASTRONONHCAE

1401 185 1544 237 Temp.
1583 196 1680 224 vero

516 261 749 303 Pofidonius
778 254 958 306 emergit
1061 272 1085 283 ν
1182 275 1203 284 -
1268 273 1289 280 -
1353 240 1554 301 L9''.2r¹.
1599 246 1647 298 7⁴⁴

785 339 806 345 -
903 340 925 349 ·
1024 337 1042 347 —
1148 338 1168 346 -
1265 336 1286 345 -
1353 313 1389 353 R
1476 325 1542 354 22.
1570 323 1624 362 27

520 383 682 426 Procius
715 380 892 431 emergit
1003 402 1022 410 -
1120 403 1140 409 -
1238 403 1257 408 -
1357 377 1391 418 L
1478 388 1543 417 21.
1570 387 1626 427 37

521 449 684 490 Meffala
717 447 892 495 emergit
1004 465 1024 473 -
1120 463 1139 470 -
1239 464 1259 472 ·
1359 440 1392 482 L
1477 454 1545 490 24,
1573 447 1623 487 53

519 513 641 554 Mare
660 511 819 553 erisiam
844 518 980 548 totum
1006 516 1117 547 extra
1138 507 1323 548 vmbram
1359 505 1394 545 L
1477 514 1547 552 25,
1576 509 1625 546 13

837 594 857 601 ·
958 595 977 600 -
1094 592 1115 601 ··
1228 594 1249 600 ··
1357 569 1392 609 R
1478 572 1548 607 26.
1596 585 1623 621 9

519 637 694 678 Hermes
728 636 903 686 emergit
1006 656 1027 665 -
1124 657 1143 663 -
1241 656 1261 663 -
1361 633 1378 673 1
1480 642 1551 680 27-
1582 639 1628 672 18

522 702 633 742 Finis
670 699 877 754 Eciipseos
982 720 1002 729 -
1102 720 1123 727 —
1219 719 1245 725 -
1361 695 1395 736 L
1479 707 1547 743 33.
1573 699 1627 735 23

873 785 892 792 -
1008 784 1026 791 -
1147 781 1167 789 -
1281 776 1301 784 -
1369 759 1395 799 S
1478 770 1549 807 34.
1575 762 1630 803 58

869 848 888 853 -
988 846 1007 853 -
1100 845 1120 853 -
1218 844 1239 852 -
1357 822 1393 862 R
1480 832 1551 870 35.
1575 831 1646 869 27.

523 913 709 956 Durante
742 914 814 955 Lac
852 912 999 967 Eclipfi
1034 916 1145 956 coelo
1180 914 1238 956 vsi
1271 917 1406 956 sumus
1431 916 1519 956 satis
1540 916 1634 956 sudo
1660 947 1670 967 ‚
1702 928 1787 957 aere

525 987 660 1019 tamen
699 993 774 1019 non
812 980 971 1033 prorsus
1007 977 1116 1029 sicco.

675 1066 1034 1120 Quemadmodum
1070 1067 1109 1107 in
1152 1064 1378 1118 Eclipfibus
1418 1066 1551 1107 Lunae
1605 1066 1790 1108 totalibus

525 1127 676 1179 saepius
708 1130 903 1170 obseruari
938 1130 1085 1180 soleat,
1133 1140 1178 1170 vt
1214 1129 1325 1169 Luna
1365 1132 1570 1181 postquam
1617 1129 1788 1168 totalem

526 1190 708 1242 Eclipsm
745 1192 841 1245 paffa
874 1193 929 1232 cst
953 1224 963 1241 ,
1011 1193 1143 1231 colore
1185 1190 1344 1229 subrufo
1390 1189 1686 1241 conspiciatur,
1735 1192 1790 1231 ita

529 1255 571 1293 in
608 1254 678 1294 hac
711 1254 867 1307 Eclipfi
902 1254 1036 1293 Lunae
1069 1249 1232 1305 partiali
1266 1251 1579 1302 inexspectatum
1616 1252 1653 1290 id
1704 1253 1792 1292 mi-

529 1315 574 1354 hi
609 1318 642 1355 se
673 1317 822 1357 obtulit
874 1315 1211 1366 phaenomenon,
1260 1313 1366 1363 quod
1422 1323 1511 1364 pars
1564 1313 1698 1353 Lunae
1747 1316 1790 1357 in

530 1379 715 1418 Vmbram
753 1379 936 1414 immersa
976 1376 1060 1414 tntis
1092 1374 1272 1414 distinere
1306 1375 1434 1415 videri
1470 1376 1679 1428 potuerit,
1719 1390 1792 1418 co-

531 1440 620 1479 lore
654 1441 837 1493 primum
874 1439 1033 1478 cixeereo
1066 1438 1202 1478 deinde
1237 1439 1362 1489 magis
1395 1441 1600 1492 magisque
1631 1440 1672 1479 in
1708 1441 1794 1481 sub-

531 1504 667 1543 rufum
702 1504 876 1542 abeunte.

679 1576 840 1616 Praeter
900 1575 1189 1617 obseruationes
1249 1575 1353 1617 circa
1416 1573 1693 1617 immersiones
1752 1581 1794 1617 et

533 1639 775 1682 emerfiones
807 1638 1056 1680 macularum
1092 1641 1172 1680 iam
1206 1639 1400 1692 expositas
1422 1668 1434 1688 ‚
1467 1639 1680 1680 nonnullas
1696 1651 1795 1694 quo·

534 1716 612 1759 que
648 1705 824 1757 partium
862 1703 1086 1747 lucidarum
1126 1703 1262 1744 Lunae
1299 1703 1499 1742 mensuras
1529 1704 1614 1755 cepi
1647 1705 1795 1746 micro·

538 1778 672 1809 metro
703 1767 903 1807 obied'tiuo
928 1796 940 1816 ‚
988 1767 1094 1816 quod
1129 1766 1361 1820 Telescopio
1392 1764 1645 1817 Gregoriano
1688 1770 1791 1810 duo-

537 1843 633 1873 rum
670 1831 816 1883 pedum
849 1834 1083 1885 adaptatum
1134 1842 1277 1871 verum
1317 1832 1422 1882 quod
1469 1829 1541 1870 liae
1593 1835 1793 1874 mensurae

538 1908 618 1936 non
647 1895 864 1935 admodum
898 1895 993 1935 bene
1026 1896 1131 1935 inter
1184 1897 1220 1936 se
1269 1895 1488 1934 consentire
1538 1894 1641 1934 mihi
1693 1897 1794 1937 visae

540 1959 630 1999 sunt
651 1985 664 2008 ‚
694 1969 754 1998 eas
786 1957 865 1999 hoc
902 1957 996 1999 loco
1031 1959 1145 2012 plane
1177 1960 1469 2012 praetereundas
1505 1958 1578 1999 effe
1598 1986 1611 2010 ,
1657 1959 1795 2000 existi-

541 2021 669 2063 maui.
728 2020 797 2065 Ex
827 2021 907 2064 hoc
938 2032 1076 2064 autem
1111 2023 1325 2078 specimine
1357 2023 1447 2064 satis
1477 2024 1681 2066 euidenter
1697 2034 1796 2062 con-

1664 2084 1795 2128 *istus
