1987 2600
393 920 480 957 Tab.
506 923 550 956 IX

416 974 488 1006 ΜΠ.

515 984 541 1018 3.

598 163 620 201 5
632 157 685 195 88
897 149 1271 194 OBSERVATIO
1307 148 1552 195 ECLIPSIS

594 263 829 305 coniunctio
865 261 970 303 Solis
1004 271 1044 302 et
1077 261 1217 305 Lunae
1254 264 1428 318 respectu
1465 259 1608 303 circuli
1645 262 1856 307 cuiusdam

594 327 700 377 fixi,
754 329 877 367 modo
926 327 958 367 is
1006 326 1183 367 circulus
1234 328 1355 368 talem
1391 327 1571 367 habuerit
1607 324 1760 379 snum,
1810 341 1857 383 vg

590 390 687 429 haec
740 391 975 431 couiunffio
1030 403 1156 443 prope
1212 390 1257 429 ad
1293 393 1423 444 ipsum
1460 401 1623 443 tempus
1659 391 1859 443 Eclipseos

592 453 821 494 obseruatae
854 455 1084 504 contigerit,
1169 452 1234 493 Sic
1272 453 1359 494 leco
1392 454 1612 507 Eclipticae
1645 465 1684 493 et
1717 467 1863 505 aequa,-

596 519 695 558 toris
722 547 732 566 ,
784 517 881 569 eligi
919 518 1068 570 foterit
1102 517 1182 570 ipla
1217 517 1344 557 orbita
1377 517 1546 566 Lunae,
1593 526 1683 557 tuuc
1712 517 1863 570 icilicet

591 581 763 634 quaestio
797 594 846 622 eo
881 582 983 620 redit
1006 610 1018 630 ‚
1067 591 1113 620 vt
1143 591 1360 632 quaeratur
1396 591 1585 634 tempus,
1637 592 1721 634 quo
1751 583 1860 623 rcc'ta

591 658 662 697 per
695 657 834 686 centra
870 644 973 685 Solis
1003 655 1042 684 et
1077 644 1214 685 Lunae
1246 645 1358 686 <iusta
1382 674 1392 694 ‚
1424 647 1574 685 orbitae
1608 644 1743 685 Lunae
1777 657 1863 687 erat

587 709 935 763 perpendicularis.
1021 709 1084 748 Ad
1139 706 1217 749 hoc
1267 719 1400 749 autem
1452 708 1657 760 problema
1697 708 1854 748 soluen-

584 774 682 812 dum
710 802 722 821 ,
765 775 1037 826 supponamus
1070 771 1144 812 esse
1175 773 1210 813 L
1243 772 1380 812 locum
1417 771 1556 813 Lunae
1591 782 1736 811 verum
1760 800 1772 821 ,
1823 776 1858 816 2

587 834 727 875 locum
766 847 1021 889 apparentem
1055 834 1105 874 ob
1137 835 1327 876 effectum
1365 834 1652 884 Parassaxeoe,
1702 840 1743 880 O
1793 833 1862 874 lo*

586 911 679 939 cum
715 897 820 939 Solis
854 910 894 939 et
928 909 1171 951 quaeramus
1193 899 1387 950 angulum
1411 928 1422 949 ,
1456 909 1578 949 quem
1599 895 1773 938 circulus
1791 898 1864 938 de-

586 963 816 1004 clinationis
862 962 998 1004 Lunae
1049 962 1129 1003 PL
1182 964 1271 1002 facit
1314 973 1408 1002 cum
1445 961 1572 1001 orbita
1607 961 1691 1000 eius
1725 959 1861 1011 ML,

588 1027 641 1068 fic
674 1027 784 1067 enim
821 1039 874 1066 ex
904 1027 1005 1066 datis
1038 1026 1191 1066 duobus
1223 1026 1380 1078 angulis
1412 1023 1489 1064 zL
1511 1025 1539 1066 P
1561 1054 1573 1075 ‚
1607 1025 1687 1066 PL
1710 1023 1754 1064 M
1793 1026 1858 1064 iu-

587 1092 778 1132 venietur
810 1088 979 1139 MLD).
1043 1088 1200 1131 Deinde
1235 1091 1286 1131 ob
1320 1092 1459 1130 datum
1480 1089 1678 1139 angulum
1698 1087 1860 1140 MFO,

583 1155 759 1209 quaestio
792 1168 841 1196 eo
871 1154 1083 1195 reducitur
1103 1182 1114 1202 ‚
1170 1164 1217 1194 vt
1251 1155 1289 1194 in
1324 1152 1588 1205 quadrilattro
1622 1153 1652 1193 F
1677 1155 1717 1194 O
1739 1150 1784 1199 D
1805 1151 1858 1202 L,

581 1231 632 1259 ex
676 1220 775 1259 datis
807 1219 960 1258 duobus
991 1216 1147 1266 angulis
1181 1221 1221 1258 O
1248 1217 1277 1254 F
1301 1215 1355 1253 M
1376 1245 1389 1263 ‚
1423 1213 1468 1259 D
1488 1211 1591 1251 LM
1642 1221 1683 1250 et
1732 1214 1859 1254 tribus

582 1281 807 1329 lateribus,
855 1279 954 1326 [Β
977 1309 988 1328 ,
1041 1277 1085 1326 D
1107 1281 1147 1321 O
1203 1285 1241 1315 et
1294 1276 1324 1316 F
1347 1278 1388 1318 O
1413 1302 1426 1323 ,
1475 1284 1687 1327 quaeratur
1729 1286 1855 1327 quar·-

583 1354 673 1385 tum
728 1345 830 1384 latus
881 1343 914 1382 L
936 1342 964 1381 F
991 1370 1004 1389 ‚
1053 1353 1134 1391 quo
1185 1339 1353 1387 cognito
1403 1349 1474 1388 per
1526 1346 1688 1376 motum
1724 1337 1855 1379 hora-

581 1410 688 1448 rium
726 1407 864 1445 Lunae
895 1402 1114 1443 relatiuum
1153 1400 1192 1439 in
1227 1400 1356 1440 orbita
1377 1428 1388 1448 ‚
1445 1396 1557 1440 facile
1591 1399 1856 1441 determinari

581 1469 732 1524 poterit
766 1477 961 1520 temqu
1016 1465 1120 1519 quod
1156 1463 1269 1503 Luna
1303 1461 1568 1515 percurrendo
1600 1464 1707 1503 arcui
1740 1463 1775 1504 L
1795 1462 1852 1505 M

581 1531 809 1584 impendit,
845 1532 1010 1581 ideoque
1043 1540 1084 1571 et
1121 1528 1253 1579 iplum
1291 1535 1554 1566 momentum
1604 1538 1685 1578 quo
1730 1526 1851 1577 Luna

579 1599 620 1638 in
655 1597 707 1637 M
747 1603 845 1637 erat.
914 1591 987 1634 Sed
1021 1594 1069 1634 de
1104 1590 1178 1632 hac
1215 1588 1416 1633 Methodo
1448 1590 1568 1645 plura
1599 1589 1691 1632 heic
1725 1591 1852 1631 adser-

577 1673 622 1702 re
644 1689 657 1710 ,
692 1660 831 1701 minus
860 1670 884 1698 e
917 1669 959 1696 re
987 1657 1052 1699 est.

733 1726 803 1763 16.
841 1719 896 1760 Vt
930 1720 978 1761 de
1009 1721 1081 1761 vsu
1115 1729 1156 1761 et
1188 1718 1459 1772 adplicatione
1491 1719 1641 1761 nostrae
1669 1717 1851 1761 Metho—

575 1788 614 1828 di
650 1799 700 1827 eo
733 1785 890 1826 facilius
922 1785 970 1825 fit
1006 1785 1202 1825 iudicium
1226 1813 1239 1833 ,
1289 1782 1527 1836 exemplum
1561 1785 1712 1824 adferre
1759 1782 1847 1838 pla-

575 1859 642 1890 cet
675 1848 863 1901 computi
900 1849 945 1889 ad
982 1849 1279 1900 praescriptum
1315 1848 1438 1888 huius
1491 1847 1678 1889 Methodi
1728 1848 1844 1887 ador-

574 1913 692 1963 nati3
745 1924 796 1953 ex
832 1911 908 1950 hoc
938 1912 1047 1951 enim
1085 1910 1279 1965 exemplo
1311 1910 1445 1965 quiuis
1479 1911 1590 1953 facile
1624 1911 1843 1966 perspicere

575 1977 760 2027 poterit,
808 1985 952 2028 quanta
1000 1974 1202 2027 elegantia
1254 1975 1291 2015 se
1323 1975 1580 2016 commendet
1613 1972 1840 2016 Methodus

574 2040 703 2078 nostra
737 2050 830 2091 prae
865 2038 912 2077 iis
933 2067 947 2088 ‚
979 2052 1074 2094 quas
1113 2038 1318 2092 hucusque
1350 2037 1395 2079 ab
1429 2038 1685 2081 Aflronomis
1722 2034 1846 2077 adhi-

572 2100 669 2142 bitas
702 2102 776 2142 effe
806 2102 986 2144 constat:
1680 2158 1714 2203 C
1740 2159 1752 2202 1

1716 2173 1736 2203 a
1755 2171 1833 2202 cu-
