1987 2600
539 121 629 170 effi
931 109 1035 154 DE
1097 105 1424 152 CENTRo

565 221 646 274 De
680 215 1057 272 oscillationibus
1086 214 1432 284 principalibus
1459 215 1767 272 tardioribus.

688 318 717 366 §-
758 319 796 355 8.
833 313 933 356 Duo
964 314 1054 355 sunt
1089 313 1224 365 casus,
1257 314 1326 367 qui
1359 311 1620 356 oscillationes
1656 314 1805 357 nostras

538 391 609 436 per
643 381 676 419 se
710 378 883 419 redunt
913 378 1048 419 obuias
1068 410 1080 430 ,
1115 389 1293 430 quosque
1325 378 1423 419 adeo
1454 376 1651 417 formulae
1687 389 1806 429 prae-

539 442 701 494 missae,
752 441 779 481 fi
816 452 919 483 ratae
954 442 1066 491 sint,
1116 442 1290 483 indicare
1343 443 1512 483 debent:
1554 441 1707 495 primur
1754 440 1808 483 est

535 518 618 560 quo
654 507 816 559 ponitur
850 507 1063 556 longitudo
1097 504 1158 546 fili
1195 505 1275 546 flue
1308 503 1460 553 l:0‚
1491 513 1532 545 et
1565 504 1635 557 qui
1671 503 1807 555 longi-

538 571 722 611 tudinem
761 570 920 624 penduli
957 573 1079 612 facere
1113 570 1225 610 debet
1256 573 1382 610 Ξλε
1421 567 1464 609 ld
1499 579 1600 608 vero
1632 578 1682 608 ex
1719 571 1811 613 for-

539 635 650 676 mula
705 636 832 675 nostra
892 637 1027 688 primo
1080 633 1173 674 loco
1220 633 1346 686 posita
1395 632 1607 673 deducitur
1659 630 1688 671 fi
1733 642 1810 685 pro

537 698 763 752 quantitate
798 698 957 739 radicali
992 697 1240 739 substituatur
1275 700 1384 741 ’λ-ὶ-
1405 688 1585 755 ὲξ-ῑ-Ι
1621 693 1810 745 negleftis

541 769 742 808 nimirum
778 769 986 809 altioribus
1020 766 1335 807 dimensionibus
1368 765 1634 818 longitudinis
1665 765 1700 805 l:
1733 765 1811 806 hoc

539 831 644 872 facto
696 831 745 872 fit
792 833 1074 872 denominator
1109 830 1231 868 huius
1263 830 1461 868 formulae
1495 830 1591 867 :2
1613 826 1812 872 -1-1-λ

538 915 579 925 -
599 887 767 957 ²-¹5·'-¹—{-l
784 909 834 935 .--
858 909 877 934 2
899 895 971 935 l—-
992 887 1072 953 ἵζ’-Ζ
1105 903 1225 944 atque
1260 891 1385 942 itegra
1420 889 1599 931 formula
1632 888 1681 930 fit
1701 892 1811 943 :M

539 967 664 1009 altera
700 979 799 1007 vero
832 965 1005 1004 formula
1042 965 1275 1006 immediate
1307 965 1471 1006 eandem
1525 967 1592 1008 dat
1642 964 1813 1007 conclu-

540 1031 705 1072 sionem.
776 1026 966 1067 Secundus
1000 1031 1109 1068 casus
1140 1030 1222 1081 est,
1256 1040 1337 1081 quo
1373 1040 1574 1082 ponuntur
1608 1031 1814 1082 quantita·

542 1102 600 1134 tes
632 1095 660 1132 λ
692 1101 730 1131 et
765 1091 807 1132 L‘
845 1090 970 1131 veluti
1007 1091 1166 1133 infinite
1199 1104 1345 1147 paruae
1379 1092 1510 1134 habita
1560 1095 1715 1134 ratione
1766 1094 1814 1135 ad

545 1155 851 1208 longitudinem
891 1153 984 1206 fili;
1017 1165 1112 1196 tunc
1148 1169 1250 1197 vcro
1284 1168 1359 1208 pro
1391 1158 1612 1210 quantitate
1652 1157 1815 1200 radicali

539 1222 724 1275 ponenda
756 1220 807 1259 est
841 1219 1042 1270 quantitas
1074 1219 1270 1266 Ιο-λ-ἦ-
1297 1232 1317 1257 2
1341 1215 1385 1258 L‘
1427 1231 1528 1272 quae
1578 1219 1607 1259 fi
1647 1220 1813 1261 &subtra-

542 1284 670 1324 hatur
702 1284 748 1322 ab
779 1282 1002 1332 quantitate
1035 1281 1178 1328 >tq—l
1207 1282 1397 1334 relinquit
1435 1296 1458 1322 2
1483 1286 1569 1323 λ-
1592 1296 1613 1321 2
1637 1281 1702 1333 L¹3
1734 1296 1814 1324 vn·

541 1346 591 1388 de
635 1346 743 1399 prior
778 1344 954 1385 formula
991 1347 1030 1385 in
1065 1345 1145 1387 fine
1182 1344 1417 1398 paragraphi
1455 1347 1552 1386 sexti
1588 1345 1711 1398 polita
1763 1346 1811 1386 fit

547 1411 589 1450 in
625 1409 699 1449 hoc
736 1409 820 1448 casu
859 1406 1098 1459 sinpliciter
1134 1408 1238 1459 ΣΙ,
1275 1408 1387 1461 plane
1422 1419 1467 1448 vt
1504 1409 1709 1461 prouideri
1744 1421 1818 1458 po-

548 1483 650 1514 terat
674 1502 686 1521 ,
738 1473 830 1525 quia
870 1469 936 1511 hic
972 1474 1077 1513 casus
1112 1474 1376 1524 repraesentat
1411 1472 1632 1524 pendulum
1655 1503 1666 1523 ‚
1712 1472 1819 1525 quod

548 1537 698 1578 dicitur
754 1534 937 1590 simplex.
1030 1535 1077 1577 Id
1131 1536 1241 1577 idem
1295 1535 1441 1576 indicat
1492 1547 1651 1589 quoque
1692 1535 1820 1575 altera.

548 1599 738 1643 formula.

704 1685 738 1734 ξ.
775 1698 815 1735 9.
852 1684 1146 1728 Descendamus
1178 1687 1224 1728 ad
1269 1682 1456 1738 exempla
1508 1684 1688 1727 theoriae
1739 1696 1820 1726 no-

550 1751 646 1794 strae
684 1761 775 1790 vere
809 1752 1066 1792 accommoda
1105 1755 1158 1792 10.
1193 1759 1363 1804 ponatur
1398 1748 1542 1798 Ιῑλ,
1574 1750 1679 1790 dabit
1712 1758 1822 1790 vtra-

551 1827 629 1868 que
663 1814 793 1854 nostra
838 1813 1012 1853 formula
1065 1813 1361 1866 longitudinem
1412 1813 1576 1865 penduli
1627 1812 1821 1867 simplicis

552 1877 752 1920 isochroni
786 1876 923 1920 :14
947 1873 1040 1918 VL‘
1061 1877 1091 1918 I:
1124 1889 1162 1918 at
1199 1890 1296 1918 vero
1331 1887 1404 1928 pro
1438 1876 1595 1918 theoria
1627 1886 1818 1919 commu-

551 1944 595 1983 ni
630 1941 678 1982 fit
711 1941 849 1981 eadem
885 1940 1100 1993 longitudo
1132 1934 1445 2006 :tl—kstffi'ffi
1498 1941 1611 1994 prior
1660 1938 1818 1982 excedit

553 2014 724 2054 alteram
753 2044 765 2063 ‚
815 2025 1069 2068 quaecunque
1121 2014 1242 2055 fuerit
1290 2015 1472 2066 corporis
1522 2012 1822 2061 conformatio,

553 2078 647 2131 quia
680 2076 860 2118 distantia
894 2075 938 2120 L‘
973 2081 1132 2134 semper
1168 2076 1305 2118 minor
1339 2075 1391 2118 est
1423 2089 1544 2134 qnam
1575 2084 1603 2122 λ
1634 2077 1712 2121 flue
1732 2106 1744 2127 ‚
1779 2075 1821 2114 in

1745 2138 1825 2181 hoc
