1987 2600
569 184 660 223 294
816 169 896 213 DE
931 164 1245 210 PREssmNE
1282 162 1575 211 PONDER1S

1010 274 1366 332 Solutia

710 380 887 420 Deuotet
919 377 959 421 G
992 379 1226 432 preffionem
1265 378 1428 420 totalem
1463 377 1644 431 corporis
1681 379 1826 422 incum-

564 444 711 493 beatis,
746 454 786 483 et
820 445 925 484 resta
959 455 1011 481 ex
1045 445 1128 482 eius
1160 453 1301 484 centro
1334 444 1546 493 grauitatis
1579 443 1618 481 in
1656 444 1827 496 planum

561 506 944 559 perpendiculariter
974 506 1162 554 demissa,
1197 507 1344 546 incidat
1380 507 1420 545 in
1458 506 1655 558 punctum
1691 507 1749 557 O,
1784 519 1830 548 ac

563 571 707 610 sumtis
740 584 814 623 pro
843 570 1010 610 arbitrio
1051 570 1151 609 binis
1200 570 1338 610 axibus
1392 570 1429 608 Α
1452 567 1487 609 Β
1520 582 1561 609 ac
1599 572 1633 610 A
1655 569 1688 611 C
1722 571 1828 610 inter

559 637 596 674 se
632 634 876 673 normalibus
898 663 909 682 ‚
943 634 988 672 ad
1011 645 1075 673 eos
1108 645 1157 673 ex
1203 631 1244 673 O
1282 644 1450 684 agantur
1486 634 1830 688 perpendiculares

561 698 600 736 O
629 698 656 736 F
693 708 730 737 et
765 698 803 737 O
826 696 862 737 G
885 727 896 746 ,
948 706 1221 747 vocenturque
1274 700 1310 735 A
1334 697 1363 736 F
1385 696 1481 750 :tf
1513 707 1552 736 et
1591 700 1624 736 A
1648 696 1685 738 G
1707 709 1797 749 :g
1818 727 1830 747 ‚

562 769 653 799 tum
689 773 786 799 vero
825 772 897 812 pro
929 759 1080 810 puncto
1113 758 1208 799 basis
1248 769 1487 810 quocunque
1545 758 1590 799 Μ
1626 770 1827 811 ponantur

560 823 809 864 coordinatae
860 821 903 860 A
925 822 965 860 Χ
990 832 1038 859 z
1061 833 1089 860 x
1137 831 1175 860 et
1229 822 1269 860 X
1293 821 1336 861 M
1359 833 1409 857 Ξ
1433 820 1475 859 A
1499 820 1539 860 Y
1558 836 1652 871 :y
1680 854 1692 873 ,
1747 824 1827 875 ipsa

563 897 700 927 autem
738 884 879 938 press'io
913 883 1081 936 quaesita
1120 885 1159 923 in
1214 883 1362 936 puue’to
1399 883 1445 923 M
1483 894 1654 923 vocetur
1705 896 1754 921 z
1780 897 1828 935 z,

562 951 688 989 modo
717 961 849 989 autem
888 949 1079 996 vidimus,
1116 947 1208 998 poui
1241 956 1427 997 oportere
1447 946 1825 1001 Δτῑωιυι-βχ-ι-Ὑχ.

562 1013 705 1067 Quum
759 1022 895 1051 autem
951 1011 1043 1049 haec
1095 1010 1237 1062 preffio
1289 1021 1314 1048 z
1349 1011 1578 1062 respoudeat
1627 1010 1830 1050 elemento

560 1075 655 1115 basis
695 1075 738 1114 M
764 1087 800 1114 m
829 1075 945 1114 cuius
976 1071 1105 1113 areola
1140 1088 1188 1113 ,τ-
1208 1071 1374 1124 dxdy,
1408 1074 1486 1126 ipsa
1523 1072 1662 1124 prestio
1704 1085 1827 1126 quam

561 1137 656 1180 haec
685 1137 814 1178 areola
849 1138 1057 1186 sustinet,‘
1087 1136 1165 1175 erit
1202 1135 1314 1175 zdx
1331 1136 1423 1187 dy,
1472 1137 1587 1175 cuius
1633 1136 1828 1188 integrale

562 1203 614 1243 ob
647 1202 852 1253 geminam
902 1197 1136 1240 variabilem
1172 1210 1200 1237 x
1231 1208 1320 1247 ety
1355 1199 1410 1239 bis
1449 1200 1629 1238 sumtum
1655 1226 1665 1246 ‚
1714 1212 1828 1251 pres-

561 1264 665 1305 fioni
699 1264 816 1304 totali
852 1261 928 1303 hoc
976 1262 1028 1301 est
1064 1260 1230 1314 ponderi
1272 1258 1310 1300 G
1346 1262 1504 1312 aequale
1538 1262 1648 1300 statui
1682 1262 1793 1302 debet
1818 1292 1830 1311 ,

563 1327 641 1368 hoc
675 1335 806 1365 autem
851 1324 1046 1375 integrale
1078 1323 1329 1376 duplicatum
1350 1337 1464 1364 more
1487 1334 1647 1375 recepto
1669 1336 1827 1378 reprae-

554 1392 766 1432 sentemus
788 1402 857 1441 per
879 1387 1104 1441 sszdxdy,
1140 1389 1190 1426 ita
1218 1395 1262 1424 vt
1283 1386 1355 1424 effe
1373 1387 1509 1426 debeat
1529 1384 1823 1438 sszdxdy:G

566 1453 737 1505 ideoque
771 1450 861 1491 loco
894 1463 920 1490 z
957 1451 1043 1491 eius
1079 1448 1213 1489 valore
1246 1448 1454 1489 substituto
1472 1447 1703 1489 habebimus
1721 1448 1825 1491 hanc

564 1517 867 1568 aequationem:

626 1582 1787 1641 assdxdy-l-ssffxdxdy—l-vssydxdyzG.

718 1691 789 1719 10.
825 1677 906 1718 Hac
942 1679 1177 1730 aequatione
1228 1687 1362 1716 autem
1406 1675 1568 1716 effeetus
1618 1674 1824 1728 press'ionis

563 1734 743 1781 nond-um
801 1740 1079 1791 exhauritur,
1128 1741 1188 1781 sed
1235 1741 1393 1792 insuper
1445 1739 1592 1778 necesse
1641 1739 1727 1788 est,
1778 1747 1824 1778 vt

560 1805 683 1845 etiam
719 1806 874 1845 summa
909 1806 1098 1844 omnium
1138 1813 1443 1844 momentorum
1497 1801 1822 1842 Elementarium

559 1867 736 1920 respectu
770 1868 952 1909 cuiusuis
984 1869 1071 1908 axis
1094 1896 1106 1914 ,
1139 1876 1329 1919 aequetur
1376 1875 1588 1905 momento
1619 1865 1822 1919 prestionis

563 1931 697 1970 totalis
732 1929 771 1972 G
822 1933 862 1971 iu
901 1931 1050 1985 puncto
1082 1927 1123 1971 O
1154 1928 1405 1983 applicatae,
1437 1929 1611 1980 respectu
1646 1928 1832 1969 eiusdem·

563 1995 678 2043 axis;
731 1995 882 2035 sufficit
932 2005 1068 2035 autem
1121 1994 1221 2034 hanc
1270 1991 1544 2044 aequalitatem
1597 2004 1670 2044 pro
1718 1990 1820 2030 binis

561 2062 721 2094 tantum
757 2059 895 2098 axibus
929 2058 1019 2099 AB
1052 2065 1092 2096 et
1125 2056 1216 2098 AC
1257 2053 1498 2096 constituisse
1520 2082 1532 2103 ‚
1574 2052 1818 2107 quandoqui-

560 2117 655 2177 dem
687 2119 1110 2172 demonstratumesp
1141 2130 1229 2159 eam
1259 2118 1306 2160 ad
1338 2113 1476 2161 omnes
1506 2130 1598 2160 axes
1615 2126 1818 2168 vtcunque

1665 2177 1818 2220 assum-
