1987 2600
381 134 462 178 DE
505 133 673 189 NOVA
721 129 922 178 SPECIE
969 131 1205 177 MINIMI.
1340 149 1432 189 219

160 263 257 307 ergo
293 252 434 295 tertius
468 253 585 295 casus
607 252 802 308 superest,
837 249 906 306 qui
939 251 1233 294 accuratiorem
1270 249 1437 294 inuesti-

160 321 368 372 gationem
405 317 592 372 postulat,
628 326 734 360 vnde
767 318 933 372 quidem
968 315 1124 372 insuper
1155 313 1315 362 excludi
1335 328 1438 358 con-

138 386 274 426 'venit
311 384 448 435 casim,
506 384 649 438 quibus
680 382 860 425 formula
896 380 931 423 Β
952 380 1101 423 B——A
1125 379 1161 423 C
1193 380 1246 422 est
1282 393 1435 423 nume—

159 459 226 488 rus
258 449 473 503 quadratus
494 478 505 499 ,
537 457 576 490 et
612 448 731 489 ambo
762 446 931 488 faetores
962 444 1059 486 adeo
1093 445 1305 486 rationales
1338 457 1436 486 eua-

156 512 259 553 dunt
280 544 292 563 ,
339 521 431 553 tum
465 512 576 553 enim
613 512 730 553 valor
765 509 964 552 formulae
999 509 1227 563 propositae
1258 510 1356 551 adeo
1387 511 1438 551 ad

159 576 342 617 nihilum
378 577 504 628 redigi
539 577 721 630 poterit,
774 575 829 616 ita
865 583 911 616 vt
944 574 1119 628 quaestio
1151 572 1321 617 minimi
1369 572 1436 616 hic

155 652 206 681 ne
239 641 376 682 locum
413 641 578 690 quidem
617 639 767 680 habeat.

309 714 347 743 2.
381 701 470 742 Soli
502 712 601 752 ergo
631 703 742 742 nobis
773 699 1062 755 relinquuntur
1095 703 1206 745 casus
1228 733 1241 753 ‚
1294 704 1439 760 quibus

154 774 349 805 numerus
382 764 530 805 BB—
551 763 594 804 A
616 763 651 806 G
689 763 742 805 est
777 775 972 805 numerus
1006 767 1204 819 pofitiuus
1238 769 1302 809 sed
1356 783 1438 812 non

152 828 365 882 quadratus
389 860 399 880 ‚
434 829 665 870 cuiusmodi
698 829 754 870 est
783 828 853 869 ista
888 829 1099 871 formula:
1131 841 1437 884 mxx-nyy,

149 894 429 934 denotantibus
464 893 612 935 litteris
641 905 678 934 m
713 903 754 934 et
788 903 811 932 n
848 905 1041 935 numeros
1088 895 1271 946 integros
1326 895 1438 950 post--

152 960 261 998 riuos
284 990 296 1011 ,
351 960 548 1000 eiuffimodi
593 967 728 998 tamen
765 966 811 997 vt
847 970 928 1000 non
961 969 1132 1012 vterque
1168 958 1216 999 fit
1252 960 1436 1013 quadra-

149 1031 212 1062 tus
239 1053 250 1074 ‚
305 1032 393 1064 tum
431 1024 541 1064 enim
578 1024 740 1063 euidens
773 1022 828 1062 est
864 1024 982 1064 istam
1017 1022 1246 1064 formulam
1283 1024 1330 1065 ad
1365 1024 1438 1066 ni-

149 1085 284 1127 hilum
320 1088 453 1128 reduci
493 1100 570 1128 non
607 1088 710 1140 poffe
734 1117 747 1138 ‚
798 1086 872 1127 nifi
908 1097 992 1127 tam
1027 1099 1057 1128 x
1087 1098 1209 1140 quam
1247 1100 1284 1138 y
1337 1099 1437 1130 eua-

148 1153 274 1193 nescat
298 1182 309 1203 ,
355 1164 476 1206 quem
529 1154 659 1193 casum
710 1160 848 1192 tamen
882 1161 1028 1205 vtpote
1063 1151 1232 1192 obuium
1267 1150 1435 1193 excludi

147 1226 322 1270 oportet.
409 1216 519 1259 Cum
554 1228 652 1270 ergo
687 1214 783 1256 haec
818 1217 995 1256 formula
1028 1227 1111 1256 mx
1133 1226 1162 1255 x
1185 1225 1353 1270 —nyy
1387 1216 1436 1258 ad

148 1280 328 1320 nihilum
387 1281 515 1334 redigi
569 1285 604 1322 se
657 1293 734 1322 non
770 1281 977 1333 patiatur,
1025 1279 1201 1334 quaestio
1236 1277 1317 1320 fine
1351 1283 1436 1323 du-

145 1343 212 1386 bio
249 1355 389 1386 notatu
426 1348 545 1398 digna
579 1347 632 1387 est
667 1344 851 1386 censenda
877 1377 888 1396 ‚
937 1356 1014 1399 qua
1052 1344 1289 1386 litterarum
1323 1357 1352 1387 x
1393 1353 1436 1387 et

144 1421 169 1457 y
203 1409 234 1449 ii
270 1409 427 1450 valores
465 1412 503 1450 in
541 1410 709 1461 integris
744 1419 1026 1461 quaeruntur,
1059 1410 1204 1464 quibus
1237 1408 1320 1464 ipsa
1347 1410 1435 1451 fot-

148 1472 262 1513 mula
296 1485 332 1513 m
351 1465 394 1514 x²
414 1497 454 1504 -—
476 1466 555 1524 ny²
596 1474 820 1513 minimum
858 1475 1052 1514 omnium
1088 1474 1329 1527 adipiscatur
1360 1485 1437 1515 va-

145 1533 292 1576 lorem.
369 1535 411 1578 Si
445 1538 548 1578 alter
583 1545 853 1579 numerorum
891 1549 927 1577 m
961 1547 1002 1578 et
1035 1549 1059 1578 n
1093 1535 1245 1578 vnitati
1281 1548 1437 1592 aeque-

145 1608 243 1651 tur,
281 1602 439 1654 sempcr
473 1600 695 1643 formulam
732 1600 779 1641 ad
817 1600 1020 1643 vnitatem
1056 1613 1183 1655 vsque
1218 1601 1433 1654 deprime-

141 1674 184 1701 re
220 1665 387 1716 licebit,
445 1668 513 1718 qui
545 1676 654 1707 certe
689 1667 743 1708 est
779 1665 979 1706 minimus
1014 1664 1132 1706 valor
1165 1664 1321 1719 cyphra
1358 1678 1434 1706 ex·

143 1736 268 1778 cepta.
332 1727 371 1768 Si
405 1731 516 1769 enim
553 1731 672 1771 fuerit
706 1743 814 1771 m:
841 1743 859 1770 1
897 1743 949 1771 ex
984 1728 1259 1771 Theoremate
1278 1729 1429 1773 Pellia÷

145 1801 198 1829 no
233 1789 442 1832 notissimo
471 1795 644 1843 constat,
676 1796 832 1846 semper
864 1794 969 1836 effici
991 1794 1097 1849 pofl‘e
1116 1804 1427 1845 xx—nyy:1‚

144 1852 226 1894 flue
258 1865 285 1893 x
305 1868 356 1895 z
377 1849 413 1890 V
434 1851 552 1906 (nyy
571 1863 634 1901 —÷-
657 1859 698 1905 1)
720 1886 730 1906 ,
763 1858 989 1898 dummodo
1022 1869 1045 1896 n
1076 1869 1155 1899 non
1190 1857 1314 1897 suerit
1347 1869 1428 1898 nu-

146 1929 282 1958 merus
317 1918 560 1971 quadratus,
612 1929 731 1972 atque
763 1920 859 1960 adeo
894 1919 971 1962 hoc
1009 1920 1090 1960 non'
1128 1920 1260 1961 solum
1306 1922 1431 1963 vnico

147 1984 269 2022 modo
302 1982 486 2035 praestari
525 1983 645 2036 potest
667 2013 678 2032 ,
731 1983 790 2024 sed
826 1984 948 2025 etiam
985 1982 1158 2023 infinitis
1179 2012 1192 2036 ,
1226 1986 1434 2037 quemad-.

142 2046 314 2101 modum
353 2046 432 2087 iam
468 2047 513 2087 ab
546 2047 632 2099 ipso
667 2047 795 2090 Pellio
836 2048 890 2089 est
937 2048 1275 2091 demonstratum.
1358 2049 1430 2091 Sin

137 2119 270 2151 autem
325 2110 426 2152 alter
477 2122 671 2152 numerus
726 2124 749 2153 n
801 2112 950 2154 vnitati
1003 2121 1220 2166 aequetur,
1256 2113 1429 2154 formula

776 2176 812 2219 E
834 2189 856 2217 e
895 2190 918 2217 2
1329 2191 1366 2219 m
1387 2171 1430 2218 π’
