1987 2600
409 155 784 207 HARMONIAE
826 153 1150 204 PRINCIPIIS.
1333 165 1422 211 ³³5

146 271 244 315 haec
275 277 528 317 consonantia
562 277 718 318 ratione
749 287 807 325 4:
834 283 861 319 5
888 306 899 328 ,
950 284 1051 330 quae
1081 270 1143 313 vti
1189 270 1325 313 minus
1373 272 1428 315 est

148 339 353 393 fimplex,
420 353 542 396 quam
599 341 876 395 praecedentes
906 368 919 390 ,
993 340 1047 378 ita
1097 337 1222 378 etiam
1277 337 1427 380 maiori

147 405 432 446 exercitatione
466 407 518 447 est
550 406 838 447 elaborandum
863 432 874 452 ‚
928 413 976 444 vt
1011 403 1135 443 sensus
1169 400 1330 443 auditus
1362 401 1427 444 illi

146 471 413 520 agnoscendae
448 482 488 512 et
519 471 795 512 diiudicandae
847 466 1056 519 assuefiat,
1110 469 1150 508 in
1195 465 1293 508 scala
1353 477 1430 507 au-

149 545 235 574 tem
274 536 465 575 sonorum
502 534 612 576 solita
638 565 650 586 ,
697 535 813 575 sonus
844 541 960 573 tanto
994 531 1207 573 interuallo
1239 533 1427 585 superans

145 597 486 640 fundamentalem
522 599 556 639 C
590 599 723 640 littera
758 598 796 637 E
831 596 1015 646 insigniri
1059 597 1157 638 solet
1179 628 1190 648 ‚
1243 597 1347 638 vnde
1400 596 1429 639 si

147 662 242 702 sono
273 662 308 703 C
345 665 541 703 tribuatur
576 671 768 702 numerus
801 671 825 699 n
856 659 951 698 huic
992 661 1025 699 E
1071 662 1287 702 conueniet
1338 661 1430 711 {n,

148 725 257 764 hunc
289 735 387 774 ergo
419 735 514 765 cum
549 724 625 765 suis
659 723 812 766 ostauis
850 723 1047 777 superiori
1081 725 1214 765 ordini
1270 726 1432 781 insuper

145 788 417 841 adiungamus

143 885 196 936 C)
219 886 269 935 E>
293 882 346 937 G,
381 897 415 936 6⁸,
469 900 501 937 e,
545 899 587 940 g,
635 900 672 937 cv
734 899 769 936 e,
831 886 870 935 g,
917 898 951 934 c>
1007 898 1042 937 e)
1135 898 1177 938 g)
1256 899 1292 936 ι’)
1516 897 1544 938 g

145 961 185 1001 n,
202 951 265 1000 fin,
283 953 344 1001 ξπ,
367 960 443 1002 2η,
462 952 525 1000 {⁷22
551 963 621 1000 371,
644 963 721 1003 472,
743 954 893 1002 572,6n‚
919 955 982 999 871,
1005 961 1102 998 mn,
1129 962 1222 1003 12n,
1246 952 1340 999 1672,
1363 962 1463 1004 zon,
1484 960 1580 1001 2471.

910 859 1038 866 ..-

1385 900 1419 930 Σ·
1388 851 1422 878 ΗΙ

300 1052 341 1089 9.
394 1037 504 1092 Quia
558 1039 662 1079 ratio
715 1051 776 1088 4:
810 1050 832 1088 5
887 1036 934 1076 ab
986 1036 1196 1078 intellectu
1231 1051 1316 1079 non
1349 1048 1437 1080 tam

144 1101 256 1144 Facile
313 1103 537 1156 percipitur
593 1116 713 1156 quam
773 1102 882 1141 ratio
920 1113 943 1139 2
965 1112 975 1140 z
998 1112 1020 1151 5
1063 1102 1127 1142 vel
1159 1103 1257 1143 adeo
1295 1117 1314 1143 1
1339 1117 1350 1144 ι
1372 1113 1395 1151 5
1419 1131 1432 1154 ,

144 1169 268 1208 etiam
304 1165 428 1206 simili
470 1169 594 1209 modo
631 1170 672 1208 in
712 1165 869 1208 Musica
908 1177 984 1218 pro
1017 1168 1112 1207 dato
1144 1167 1240 1207 sono
1282 1165 1318 1208 C
1365 1169 1430 1208 fa-

143 1231 257 1272 cilius
290 1231 530 1274 excitabitur
564 1232 681 1273 sonus
714 1244 734 1271 e
769 1241 892 1283 quam
930 1229 968 1269 E
991 1257 1003 1278 ,
1036 1241 1080 1270 ac
1114 1229 1270 1271 fortaffe
1302 1230 1433 1274 adhuc

148 1305 304 1345 facilins
339 1306 455 1347 sonus
488 1319 531 1358 e,
566 1307 639 1359 qni
677 1307 712 1347 se
750 1303 866 1344 habet
907 1301 954 1342 ad
1005 1299 1040 1342 C
1088 1311 1134 1342 vt
1190 1312 1244 1351 5:
1269 1316 1287 1341 1
1346 1301 1432 1342 fiue

142 1390 278 1419 autem
316 1381 455 1420 sonum
492 1393 537 1430 e,
574 1380 655 1419 siue
688 1367 1026 1427 e'effizcerimus,
1063 1377 1154 1417 inde
1188 1379 1325 1428 sponte
1363 1387 1435 1418 re-

145 1441 246 1496 liqui
282 1442 347 1483 vel
381 1444 587 1497 grauiores
622 1443 688 1485 vel
721 1445 919 1484 acutiores
952 1440 1265 1483 exhibebuntur.

302 1569 363 1600 10.
401 1559 535 1614 Atque
571 1559 645 1601 hae
679 1562 770 1600 sunt
804 1568 978 1613 quatuor
1014 1555 1104 1597 illae
1145 1557 1427 1598 consonantiae

141 1623 409 1676 princip-ales,
463 1624 608 1679 quibus
658 1627 840 1665 vninersn
900 1622 1056 1666 Musica
1108 1625 1310 1676 quondam
1347 1623 1427 1662 fuit

139 1688 436 1740 superstructa3
475 1690 712 1731 recentiores
749 1701 888 1729 autem
929 1691 1089 1742 iiiiuper
1123 1687 1308 1740 quintam
1334 1698 1432 1728 con-

139 1751 361 1790 sonantiam
399 1754 671 1805 principalem
709 1756 1039 1795 introduxerunt,
1064 1763 1185 1805 quam
1207 1751 1424 1804 septimam

140 1815 346 1854 minorem
382 1818 582 1868 adpellare
616 1819 730 1857 liceat
755 1849 766 1868 ‚
821 1818 976 1858 etiamsi
1016 1817 1058 1855 in
1094 1816 1303 1866 systemate
1354 1815 1423 1854 so-

140 1888 323 1926 norum,
362 1891 444 1932 qno
479 1879 744 1920 instrumenta
785 1881 932 1920 Musica
968 1879 1119 1920 institui
1156 1879 1306 1930 solent,
1337 1890 1419 1918 non

142 1952 346 1983 occurrat.
442 1942 688 1984 Continetnr
722 1954 858 1984 autem
894 1943 987 1985 haec
1025 1954 1126 1982 noua
1159 1939 1418 1984 consonantia

141 2008 295 2048 ratione
332 2018 463 2059 427,
495 2019 595 2060 quae
628 2021 757 2062 quum
795 2020 940 2062 parum
977 2007 1175 2060 discrepet
1207 2019 1228 2047 a
1259 2008 1416 2057 ratione

146 2083 167 2120 5
195 2085 252 2121 :9
291 2072 356 2113 vel
394 2077 552 2123 9:16,
585 2072 778 2114 alterutra
815 2073 961 2114 harum
1005 2072 1095 2112 loco
1143 2068 1253 2110 illius
1303 2083 1361 2121 4:
1384 2081 1413 2120 7

138 2136 251 2178 abuti
285 2136 469 2196 solent„
492 2136 660 2181 interim
698 2147 832 2182 tamen
886 2136 1099 2195 imprimis
1145 2133 1250 2178 vtile
1301 2137 1381 2177 erit
1403 2166 1416 2186 ,

1263 2207 1416 2242 tirones
