1987 2600
395 189 1186 241 METEOROLOGICAE.
1335 206 1426 256 665

156 325 259 373 quos
307 318 360 366 83
408 309 559 368 reperti
597 309 688 353 sunt
724 310 954 365 frigidiores
988 313 1115 366 gradu
1158 316 1330 368 160‚.et
1367 329 1424 366 43

153 381 383 434 frigidiores
414 379 538 431 gradu
580 386 682 425 170.
746 377 854 416 ‘lum
891 388 990 417 vero
1022 379 1125 418 inter
1161 377 1233 420 hos
1272 392 1323 419 21
1349 381 1434 422 dies

152 448 286 499 fuisse,
336 443 478 497 quibus
532 439 660 491 frigus
713 439 918 493 superabat
951 442 1123 491 gradum
1164 448 1281 495 1803
1326 445 1433 487 inte„

153 522 252 562 quos
292 507 455 548 tandem
489 509 518 544 6
555 504 635 543 dies
671 505 830 544 fuerunt
872 504 1104 556 frigidiores
1156 508 1281 560 gradu
1342 522 1429 558 190

154 580 195 613 et
231 586 253 616 2
293 580 455 612 tantum
487 565 573 610 dies
604 567 827 621 frigidiores
860 574 986 621 gradu
1025 566 1127 615 2'00.
1196 572 1261 616 Sic
1293 582 1333 615 et
1382 574 1431 617 de

153 637 254 679 flatu
284 635 440 679 caloris„

306 715 374 759 Ex
408 711 538 758 tabula
578 711 707 771 priori
741 721 880 758 autem
916 710 1197 772 intelligitur,
1247 724 1320 771 per
1362 723 1431 773 to:

151 786 247 823 tum
283 792 436 823 annum
470 780 608 824 fuiffe:

307 856 585 900 Altitudinem
620 855 934 901 Thermometri
968 854 1188 900 minimam
1223 854 1285 896 seu
1335 865 1428 908 gra-

150 922 252 969 dum
303 923 463 974 frigoris
512 922 684 963 maximi
741 931 827 969 203
875 921 1006 963 mense
1040 918 1215 962 Ianuarii
1252 920 1316 960 die
1353 933 1426 972 29„

150 986 258 1028 hora
295 988 493 1028 matutina
528 986 677 1036 VIl⁷⁷²⁰,
714 984 961 1028 Barometro
997 984 1134 1036 283303
1185 982 1299 1039 coelo
1336 985 1427 1039 exi—

149 1050 274 1091 stente
305 1051 440 1093 sereno
470 1059 510 1092 et
543 1059 667 1093 vento
701 1048 847 1092 leniter
879 1048 1002 1091 flante
1035 1061 1088 1092 ex
1121 1045 1240 1101 plaga
1268 1045 1429 1092 N--O.

308 1115 592 1159 Altitudinem
629 1115 663 1154 T
671 1112 942 1156 hermometri
985 1112 1211 1154 maximam
1246 1111 1311 1151 seu
1331 1123 1426 1163 gra-

152 1178 254 1218 dum
290 1179 436 1221 caloris
467 1177 642 1221 maximi
681 1189 772 1229 104
808 1178 872 1218 die
910 1188 968 1228 24-
1002 1173 1149 1219 meniis
1181 1173 1312 1226 Iulii,
1345 1173 1428 1215 ho—

150 1251 198 1280 ra
231 1233 313 1283 uda
345 1241 430 1294 post
461 1243 695 1281 meridiem.
740 1241 1037 1287 Barometrum
1089 1243 1231 1291 283355
1263 1237 1428 1281 coelum

149 1302 339 1343 serenum
365 1316 376 1341 z
405 1312 553 1345 ventus
585 1311 608 1340 e
640 1299 806 1351 regione
839 1304 866 1342 S
884 1326 924 1331 —
949 1305 1000 1347 0,

306 1364 421 1405 Vnde
453 1364 630 1403 variatio
664 1362 981 1408 Tlrermometri
1015 1367 1195 1418 maxima
1236 1376 1311 1421 per
1362 1373 1428 1416 το,-

156 1435 250 1469 tum
285 1438 438 1469 annum
475 1424 553 1468 fuit
587 1439 647 1478 99
678 1425 788 1476 grad.
826 1423 988 1467 Desiisl.

254 1499 474 1556 Speciatim
507 1497 635 1550 frigus
667 1496 920 1542 obseruatum
957 1496 1033 1540 fuit
1066 1495 1172 1539 intra
1205 1497 1351 1551 gradus

1341 1571 1425 1613 dies

163 1652 255 1682 210
295 1649 336 1682 et
371 1651 460 1684 200
491 1639 554 1682 die
593 1650 650 1693 29
680 1645 721 1682 et
759 1647 815 1688 3¹0
851 1636 1031 1681 Ianuarii
1095 1660 1117 1667 -
1180 1660 1201 1668 -
1265 1658 1283 1666 -
1371 1649 1396 1675 2

160 1716 253 1746 200
289 1714 328 1745 et
367 1718 453 1758 190
484 1705 547 1746 die
585 1717 661 1756 23,
695 1709 767 1757 28,
805 1715 877 1753 31,
910 1704 995 1746 Ian.
1031 1709 1071 1744 et
1094 1701 1156 1742 die
1179 1716 1196 1742 1
1221 1699 1332 1742 Febr.
1372 1712 1403 1749 4

164 1780 255 1822 190
286 1778 327 1810 et
365 1774 452 1812 180
485 1769 547 1810 die
584 1784 622 1810 2.
660 1782 702 1818 4.
743 1779 811 1817 13·
852 1779 922 1816 14·
964 1778 1034 1816 15.
1076 1769 1144 1806 16.
1172 1769 1331 1814 17.18.

484 1846 555 1884 19.
597 1845 669 1882 24.
706 1843 776 1882 27.
812 1831 899 1873 Ian.
933 1830 995 1871 die
1025 1844 1065 1870 2.
1092 1841 1130 1879 3.
1153 1842 1194 1879 4.
1216 1827 1330 1870 Febr.

482 1907 525 1938 et
555 1896 619 1937 die
661 1908 721 1945 24
756 1895 991 1937 Decembris
1054 1916 1075 1924 -
1143 1916 1164 1922 -
1225 1913 1244 1921 -
1306 1901 1394 1940 —15

165 1961 252 2002 180
285 1968 325 2003 et
368 1970 452 2011 170
487 1961 549 2002 die
586 1975 622 2001 1.
662 1974 704 2011 3.
744 1969 782 2008 5.
816 1957 965 2011 σξη.
1012 1970 1081 1999 22.
1129 1960 1200 1996 26.
1243 1953 1328 1994 Ian.

480 2024 545 2066 die
585 2037 655 2065 12.
693 2035 763 2066 22.
801 2034 872 2072 23.
911 2034 968 2070 24
1002 2021 1112 2062 Febr.
1152 2020 1213 2060 die
1262 2030 1330 2066 14.

488 2104 556 2143 19.
595 2099 665 2129 20.
702 2100 774 2129 21.
812 2098 882 2136 23,
918 2097 975 2135 29
1012 2082 1142 2124 Mart.
1175 2084 1239 2123 die
1261 2092 1328 2129 23.

484 2167 542 2203 24
577 2151 692 2193 Nov.
727 2160 768 2192 et
803 2152 866 2192 die
906 2161 976 2200 15.
1017 2159 1086 2196 23.
1126 2159 1197 2198 27.
1230 2145 1396 2196 Dec.¹22

148 2262 155 2270 „
218 2214 829 2277 T0m3XV111.N0u.C0mm.
946 2213 976 2255 P
995 2225 1022 2268 p
1042 2224 1068 2267 p
1090 2223 1118 2266 p
1301 2208 1423 2252 Calor
