1987 2600
241 160 452 214 m'NAE
485 151 708 207 EVLERI
746 153 825 203 Er
857 149 986 201 Tim.
1034 148 1287 203 MAYEm.
1324 165 1417 207 539

137 289 301 333 malian]
339 288 476 330 Lunae
511 281 688 327 mediam
724 295 744 324 a
780 281 948 334 Masero'
989 279 1126 322 littera
1180 289 1204 335 p
1255 287 1424 330 expres-

137 357 218 399 ssim
245 382 257 404 ‚
305 362 544 405 argumenta
580 348 621 387 in
657 347 824 388 Tabulis
859 345 982 400 ipsius
1015 353 1240 386 occurrunt
1263 371 1275 393 ,
1323 350 1424 399 quae

140 417 394 462 anomaliam
430 418 565 458 Lunae
597 413 822 454 correctam
859 409 1116 458 inuoluunt,
1164 408 1264 450 hanc
1297 405 1424 458 igitut

139 497 389 542 anomaliam
422 497 555 539 littera
585 510 612 555 p
654 497 869 554 designat,
924 509 1026 549 quae
1086 494 1201 536 nobis
1252 493 1329 535 erit
1378 488 1422 544 ς’.

142 566 233 621 Qua
268 565 420 604 ratione
458 574 594 604 autem
632 563 731 604 haec
765 561 965 603 correctio
1003 559 1232 602 anomaliae
1267 555 1424 613 mediae

145 629 286 670 Lunae
321 626 370 668 fit
405 627 643 668 instituenda
668 659 679 679 ,
713 639 812 668 mox
848 638 1008 681 quoque
1042 626 1253 681 perspicue
1287 609 1429 674 expli-

146 695 341 734 cabimus·
426 691 537 730 Loco
571 693 803 742 argumenti
839 690 1066 732 latitudinis
1102 690 1226 730 medii
1262 687 1302 727 in
1341 683 1429 726 Ta-

143 756 249 799 bulis
282 752 501 795 Eulerianis
536 754 733 806 adhibiti,
770 753 904 795 Celeb.
941 753 1133 804 Mayerus
1165 753 1205 793 in
1240 753 1323 792 suas
1342 750 1430 790 Ta-

145 818 259 860 bulas
295 817 528 858 introduxit
562 819 790 861 distantiam
828 818 952 859 medii
988 818 1066 859 loci
1103 820 1238 860 Lunae
1273 828 1294 856 a
1338 813 1432 854 Ioco

148 883 246 926 nodi
280 881 464 923 correcto
487 913 497 933 ‚
547 894 718 937 tumque
753 894 853 923 vero
887 883 1117 924 distantiam
1161 879 1241 920 loci
1292 865 1433 918 Lunae

151 950 194 990 in
228 947 356 987 orbita
390 959 412 986 a
446 944 536 987 loco
569 949 662 989 nodi
695 947 876 989 corresto
898 979 909 1000 ,
948 959 1044 1001 quas
1076 932 1280 987 distantias
1314 940 1435 981 litte-

147 1036 204 1077 ris
235 1028 263 1072 δ
297 1044 338 1075 et
375 1016 402 1074 ἒ
437 1032 693 1084 designauit,
748 1030 823 1072 hae
859 1032 988 1085 igitur
1024 1029 1288 1077 nobiserunt
1324 1025 1355 1068 r¹
1390 1034 1430 1066 et

149 1095 207 1139 ru.
276 1096 494 1139 Anomalia
528 1099 698 1148 denique
736 1096 865 1137 media
898 1096 1005 1138 Solis
1037 1095 1083 1141 ab
1116 1092 1263 1142 Iliussr.
1296 1090 1435 1133 Eulero

148 1161 286 1202 littera
318 1171 335 1201 t
368 1161 565 1212 designata
590 1191 603 1212 ‚
634 1159 806 1210 Mayero
840 1179 859 1201 ς
904 1160 1069 1201 dicitur.

304 1246 343 1284 3.
378 1235 689 1286 Inaequalitates
724 1234 885 1283 Lunae,
926 1246 1026 1291 quae
1063 1232 1154 1276 loco
1185 1231 1269 1273 eius
1302 1229 1438 1272 medio

153 1297 343 1353 adplicari
378 1299 552 1348 debent,
600 1296 817 1346 secundum
853 1296 1026 1338 Tabulas
1067 1296 1200 1341 Celeb.
1245 1295 1438 1346 Mayeri‚

152 1365 372 1405 commode
406 1364 447 1403 in
481 1372 655 1415 quatuor
689 1360 850 1413 diipesci
888 1351 1049 1414 poffuut
1079 1358 1283 1407 ordines,
1333 1370 1437 1411 quo-

155 1437 251 1468 rum
284 1428 443 1480 primus
477 1424 757 1477 aequationem
812 1436 985 1464 annuam
1031 1415 1208 1475 tunae,
1257 1422 1437 1463 euestio-

155 1503 254 1531 nem
288 1499 328 1530 et
364 1487 575 1528 nonnullas
610 1486 706 1527 alias
739 1486 919 1528 minores
955 1482 1259 1539 inaequalitates
1301 1485 1438 1527 inuol-

156 1556 223 1595 vit
244 1581 256 1601 ,
288 1555 327 1594 in
363 1551 440 1593 hoc
472 1561 609 1592 autem
644 1550 785 1609 ordine
819 1550 956 1592 omnia
988 1560 1229 1613 argumenta
1264 1562 1317 1591 ex
1362 1549 1441 1589 lit-

160 1619 290 1668 teris,
324 1625 357 1666 t,
384 1616 435 1673 ρ’,
468 1612 500 1657 ν’
534 1625 574 1656 et
609 1629 632 1669 q
679 1606 1000 1670 componuntur.
1032 1664 1037 1665 ⁷
1082 1614 1289 1657 Secundus
1338 1614 1440 1654 ordo

161 1682 441 1735 aequationem
477 1681 628 1722 orbitae
664 1679 802 1721 Lunae
834 1678 1047 1728 continet,
1099 1689 1139 1719 et
1190 1691 1265 1734 pro
1315 1688 1437 1728 argu-

163 1757 305 1787 mento
337 1745 451 1787 habet
483 1744 683 1798 angulum
719 1741 764 1796 q¹.
830 1745 996 1785 Tertius
1027 1733 1134 1784 ordo
1173 1742 1439 1797 i'nacqualita«

166 1820 252 1850 tem
285 1810 501 1861 continet,
539 1811 655 1863 Quae
688 1809 864 1850 variatio
914 1807 1054 1849 Lunae
1105 1807 1182 1848 dici
1233 1803 1440 1850 co'nsueu'it

167 1884 209 1914 et
245 1886 321 1927 pro
353 1883 594 1924 argumento
628 1873 742 1923 habet
779 1873 977 1924 angulum
1009 1871 1070 1927 pn.
1156 1872 1334 1929 Quartus
1366 1871 1442 1911 de-

165 1939 289 1990 nique
322 1940 420 1977 ordo
453 1936 670 1977 absoluitur
688 1937 936 1978 reductione
961 1939 1006 1977 ad
1030 1935 1285 1989 eclipticam,
1307 1935 1440 1975 ⁴hunc*

167 2014 246 2056 que
280 2001 499 2052 ingreditur
532 2001 704 2054 angulus
752 1997 807 2038 ru.
908 2001 1039 2042 Locus
1093 2002 1237 2041 Lunae¹
1283 2001 1440 2041 medius

170 2079 247 2120 per
280 2067 391 2107 binos
425 2065 580 2118 priores
615 2065 775 2109 ordines
825 2063 1169 2118 inaequalitatum
1212 2065 1440 2113 correctus,

168 2128 339 2189 Mayero
373 2130 523 2191 dicitur
558 2130 669 2186 locus
702 2128 841 2171 Lunae
881 2139 1102 2185 aequum,
1145 2130 1214 2182 cui
1247 2128 1278 2171 fi
1311 2127 1441 2187 adpli-

783 2193 824 2235 Y
847 2206 875 2248 y
895 2206 924 2249 y
960 2205 986 2233 2
1326 2202 1442 2235 cetur
