1987 2600
555 179 648 219 342
983 165 1080 207 DE
1142 159 1388 205 VERIS

551 280 746 322 ducendas
777 276 859 330 apti
903 275 1084 317 nondum
1133 274 1212 316 fint
1261 271 1514 324 introduffi,
1565 274 1627 318 sed
1673 289 1814 322 eorum

552 343 644 385 loco
678 339 832 382 Mufici
866 338 956 381 aliis
990 341 1089 381 sonis
1125 340 1172 379 ab
1207 337 1290 379 illis
1318 340 1482 393 quidem
1519 332 1662 390 parum
1680 343 1816 382 discre-

552 406 768 461 pantibus,
821 404 927 445 abuti
980 403 1159 453 soleant,
1207 404 1270 444 sed
1303 403 1396 456 quia
1434 401 1511 442 hoc
1549 404 1670 444 modo
1704 405 1820 458 puri-

552 480 612 512 tas
646 468 892 510 Harmoniae
923 468 1181 520 negligitur,
1238 469 1387 508 merito
1419 466 1604 508 dubitare
1637 467 1730 509 licet
1771 479 1820 507 an

550 531 707 576 Musica
737 531 812 573 hoc
847 533 976 573 modo
1008 533 1056 574 ad
1090 532 1295 571 maiorem
1342 529 1595 585 perfectionis
1645 531 1818 584 gradum

548 598 600 639 stt
619 595 768 639 euecta.
819 594 1036 637 Caeterum
1059 598 1174 636 vsum
1196 594 1343 635 harum
1366 606 1566 634 nouarum
1603 597 1821 636 consonan-

550 662 704 702 tiarum
727 690 740 710 ‚
771 660 1115 714 quemadmodum
1153 660 1201 699 ab
1228 657 1449 700 artificibus
1477 657 1652 700 adhiberi
1676 659 1822 699 {oleant

553 726 675 767 fufius
708 726 749 765 in
783 722 905 765 Actis
934 723 1082 775 Regiae
1103 722 1341 764 Academiae
1359 722 1586 763 Borussicae
1605 723 1821 775 explicaui.

706 799 775 835 17.
808 787 853 828 A
887 786 1065 842 quolibet
1097 797 1196 836 ergo
1233 786 1327 825 sono
1362 785 1484 824 huius
1520 786 1676 836 generis
1711 785 1823 826 Mu-

551 850 619 895 fici
654 851 889 892 immediate
920 850 969 890 ad
999 850 1100 892 alios
1134 849 1248 890 sonos
1283 847 1485 888 transilire
1528 861 1608 888 non
1661 849 1827 894 licebit,

554 915 629 957 nisi
659 916 732 969 qui
766 916 810 956 ab
841 914 915 956 ino
950 912 1033 954 siue
1069 910 1289 954 interuallo
1319 911 1482 950 oei-auae
1505 937 1516 957 ,
1551 909 1633 949 siue
1667 912 1825 964 quintae

551 980 619 1020 vel
651 980 776 1021 etiam
811 985 1005 1030 quartae,
1057 975 1138 1016 flue
1174 975 1313 1014 tertiae
1349 974 1514 1013 maioris
1560 974 1704 1014 suerint
1757 985 1828 1014 re-

551 1044 691 1092 moti,
725 1052 824 1095 quos
858 1040 974 1082 saltus
1010 1039 1158 1079 idcirco
1194 1037 1399 1091 {implices
1431 1036 1632 1090 adpellare
1682 1038 1797 1079 liccat
1819 1066 1830 1088 ‚

551 1106 595 1147 in
648 1117 733 1159 quo
784 1104 869 1159 ipso
921 1104 1051 1155 prima
1100 1101 1241 1154 regula
1287 1100 1593 1154 compositionis
1624 1102 1825 1145 contineri

552 1170 606 1212 est
639 1169 858 1218 censenda;
917 1167 1030 1220 supra
1063 1176 1202 1206 autem
1243 1166 1323 1204 iam
1369 1165 1580 1203 innuimus
1613 1177 1707 1205 cum
1759 1177 1825 1205 ra-⁴

553 1233 684 1273 tiones
724 1247 742 1274 1
765 1245 775 1271 :
798 1242 821 1279 3
861 1237 902 1270 et
943 1240 1039 1278 125
1078 1228 1236 1269 facilius
1274 1227 1540 1278 percipiantur
1576 1239 1697 1277 quam
1756 1238 1826 1265 ra-

546 1295 685 1337 tiones
730 1309 754 1335 2
778 1306 787 1332 ι
811 1304 833 1341 3
870 1301 910 1332 et
943 1303 1001 1339 4:
1030 1300 1049 1337 5
1088 1290 1226 1343 quibus
1260 1290 1421 1343 propria
1458 1289 1669 1343 interualla
1703 1289 1828 1340 qnin-

545 1367 617 1400 'tae
649 1366 691 1399 et
728 1356 868 1397 tertiae
902 1353 1192 1407 exprimuntur
1214 1383 1225 1402 ‚
1283 1352 1426 1393 saltum
1465 1364 1534 1404 per
1568 1353 1662 1392 haec
1699 1354 1824 1392 inter-

554 1420 660 1463 valla
697 1418 891 1462 subleuari
927 1415 1032 1471 poffe
1053 1448 1064 1466 ,
1116 1418 1154 1457 id
1189 1417 1293 1470 quod
1328 1414 1482 1466 plenius
1514 1414 1714 1454 ostendisse
1763 1416 1826 1453 iu·

555 1493 680 1538 vabit.
747 1491 810 1535 Ita
843 1491 870 1531 ss
904 1505 925 1533 a
960 1491 1054 1531 sono
1076 1489 1113 1544 f
1141 1500 1210 1542 per
1245 1487 1427 1540 quintam
1464 1486 1511 1526 ad
1544 1475 1569 1526 ἶ
1598 1485 1646 1526 fit
1695 1488 1829 1527 ascen-

555 1559 765 1608 dendum‚
817 1555 856 1596 id
905 1554 1058 1597 facilius
1112 1553 1181 1595 fiet
1234 1550 1516 1605 interpolando
1568 1550 1635 1591 vel
1688 1551 1827 1592 sonum

558 1631 617 1685 1⁴³,
651 1631 721 1674 vel
755 1632 897 1674 sonum
933 1616 975 1679 c‘,
1008 1626 1081 1669 hoc
1118 1631 1270 1668 modos

607 1710 972 1777 szzsstzzzx
1077 1721 1143 1765 vel
1176 1717 1656 1774 etiamfzczczztza

952 1801 970 1828 1
997 1800 1006 1826 z
1028 1798 1050 1836 3
1640 1792 1691 1823 2:
1715 1793 1733 1819 1

557 1850 631 1896 Sin
682 1861 819 1898 autem
870 1864 891 1893 a
942 1851 1038 1893 sono
1083 1863 1104 1892 c
1155 1860 1225 1902 per
1258 1855 1445 1902 quartam
1478 1845 1523 1886 ad
1559 1844 1829 1899 sonumsfit

555 1917 871 1968 transeundum,
904 1915 944 1960 id
978 1912 1302 1960 commodissime
1330 1911 1392 1953 *ita
1426 1910 1516 1954 fieri
1549 1911 1733 1968 poterit:
1796 1959 1799 1962 y

653 2011 675 2040 c
694 2014 703 2041 :
721 2012 744 2042 c
762 2013 772 2041 ε
792 1997 824 2040 F
841 1998 895 2054 :f

659 2078 678 2105 1
701 2076 712 2104 ε
734 2076 759 2103 2

741 2137 765 2174 3
787 2140 798 2166 ε
823 2141 841 2168 1
1688 2147 1689 2155 ,
1735 2152 1737 2154 .

816 2203 837 2229 1
860 2199 870 2228 z
890 2199 932 2227 2.
1780 2175 1825 2223 Si
