1987 2600
590 169 685 218 648
871 156 1578 208 OBSERVATIONES

593 277 651 320 las
684 275 926 319 instituerim
960 273 1280 324 obseruationes,
1317 284 1459 315 verum
1494 286 1566 329 per
1601 274 1852 335 triennium,

591 341 696 396 quod
732 339 799 381 hic
834 340 1035 393 transegi,
1076 339 1217 380 iisdem
1254 349 1451 393 nusquam
1487 350 1627 380 vacare
1663 339 1766 381 mihi
1801 342 1857 382 li-

589 405 704 456 cuit3
755 416 778 444 a
828 403 1022 447 laboribus
1063 403 1357 445 Astronornicis
1387 403 1565 445 detinuit
1600 415 1665 444 me
1698 407 1853 457 praeci-

590 480 672 523 pue
706 467 880 510 studium
917 468 1077 520 linguae
1127 465 1388 516 Chinarum,
1436 467 1554 509 cuius
1601 469 1785 520 cognitio
1831 480 1854 510 a

589 533 684 572 viro
717 532 799 573 iam
834 532 1005 585 triginta
1036 531 1213 586 quinque
1245 541 1367 571 annos
1400 538 1524 580 nate,
1557 543 1636 572 non
1666 530 1739 573 nisi
1767 544 1854 575 ma·

591 606 673 647 gno
705 606 800 638 cum
833 594 963 638 labore
996 595 1231 649 acquiritur,
1296 593 1337 635 P.
1370 591 1531 636 Dolliero
1564 596 1724 637 muneri
1760 597 1855 637 mis-

591 658 751 700 ssonarii
787 662 997 715 praecipue
1019 661 1196 709 intento,
1229 657 1367 699 itidem
1389 669 1470 699 non
1490 659 1672 716 suppedit
1693 667 1855 715 tempus

589 721 697 777 quod
730 722 1015 766 Astronomiae
1050 722 1266 780 impendat.

741 809 1033 863 Occupationes
1070 809 1217 850 nostrae
1255 818 1331 847 non
1366 805 1576 859 permisere
1622 807 1733 847 nobis
1781 807 1854 848 ob·

591 871 877 912 seruationibus
909 872 989 913 istis
1020 872 1264 914 reduetiones
1297 870 1539 922 adiungere,
1573 881 1642 911 nec
1674 881 1728 912 ex
1776 871 1851 912 iis-

590 934 685 975 dem
718 936 1012 988 consequentias
1051 935 1232 984 elicere,
1280 933 1425 973 curabo
1476 933 1772 986 imposterum,
1821 932 1853 976 sr

589 999 725 1038 otium
761 998 974 1051 suppetat,
1006 1007 1052 1038 vt
1092 997 1240 1041 melius
1265 997 1403 1039 officio
1436 1008 1528 1037 meo
1553 998 1703 1050 fungar.
1769 998 1852 1038 Ve-

592 1062 663 1102 nio
699 1073 803 1102 nunc
839 1063 883 1101 ad
921 1062 1017 1115 ipsas
1052 1063 1338 1101 obseruationes
1363 1090 1374 1110 ‚
1407 1071 1506 1112 quae
1539 1061 1629 1102 sunt
1677 1060 1854 1117 quinque

590 1125 879 1168 occultationes
917 1125 1120 1170 stellarum
1158 1123 1333 1169 fixarum
1368 1135 1389 1166 a
1427 1123 1552 1168 Luna.

741 1221 789 1262 In
822 1224 1159 1267 obseruationibus
1192 1224 1253 1266 his
1287 1225 1344 1265 vsi
1387 1227 1522 1263 sumus
1562 1219 1779 1274 horologio
1829 1233 1852 1262 a

592 1286 736 1329 Iuliano
768 1286 800 1326 le
853 1287 925 1328 Roi
973 1290 1198 1336 elaborato,
1248 1296 1286 1325 et
1332 1284 1530 1325 collocato
1579 1286 1619 1322 in
1669 1284 1849 1326 conclaui

592 1362 684 1391 meo
719 1348 765 1389 ad
799 1348 1043 1401 superficiem
1078 1350 1146 1387 ioli
1185 1360 1257 1398 pro
1294 1358 1407 1385 more
1440 1346 1664 1386 Chinarum
1699 1347 1849 1387 exstru-

590 1412 687 1453 c'ro:
726 1420 814 1450 ante
849 1410 1040 1448 conclaue
1074 1410 1125 1450 est
1158 1420 1245 1448 area
1278 1408 1452 1457 domus,
1502 1409 1589 1448 satis
1636 1410 1850 1452 commoda

595 1476 643 1513 ad
677 1472 964 1512 obseruationes
1001 1472 1263 1512 instituendas.
1346 1472 1402 1513 lbi
1453 1471 1599 1526 positus
1647 1473 1699 1513 est
1748 1484 1848 1522 qua-

588 1537 704 1577 drans
736 1535 878 1576 circuli
914 1536 1039 1575 trium
1092 1536 1239 1586 pedum
1291 1534 1502 1575 inseruiens
1552 1536 1597 1576 ad
1646 1535 1848 1587 capiendas

591 1599 823 1641 altitudines
855 1598 959 1639 Solis
993 1600 1336 1651 correspondentes
1356 1628 1368 1649 ‚
1417 1608 1456 1638 et
1487 1598 1594 1638 nulla
1629 1600 1848 1641 obseruatio

589 1663 686 1704 fac‘ta
721 1663 772 1702 est
795 1693 806 1711 ,
854 1662 952 1715 quin
991 1663 1106 1703 status
1141 1662 1346 1713 horologii
1385 1674 1451 1715 per
1485 1662 1712 1703 altitudines
1745 1661 1847 1703 Solis

590 1727 934 1779 correspondentes
966 1727 1088 1766 fuerit
1146 1724 1405 1778 exploratus,
1457 1737 1506 1765 ex
1552 1725 1690 1776 quibus
1741 1737 1844 1767 nunc
1894 1756 1898 1758 ἡ

591 1791 778 1830 meridies
830 1788 950 1841 ipsius
1000 1791 1107 1837 diei,
1160 1789 1200 1827 in
1250 1800 1370 1841 quem
1420 1789 1642 1829 obseruatio
1673 1789 1776 1830 cadit
1806 1799 1847 1830 et

590 1853 670 1893 diei
706 1852 1004 1905 praecedentis,
1051 1864 1154 1891 nunc
1191 1852 1379 1892 meridies
1409 1861 1450 1892 et
1485 1853 1611 1892 media
1647 1862 1727 1890 nox
1759 1854 1845 1892 fue-

590 1927 633 1956 re
665 1914 852 1956 conclllfi.
921 1914 1122 1956 Praeterea
1158 1915 1374 1956 interuallo
1397 1944 1409 1965 ,
1449 1916 1553 1967 quod
1590 1915 1635 1956 ab
1668 1926 1742 1954 vna
1774 1915 1846 1955 ob-

590 1979 809 2019 seruatione
841 1981 889 2020 ad
923 1979 1088 2018 alteram
1125 1979 1422 2026 intercedebat,
1454 1979 1652 2030 capiebam
1690 1977 1845 2017 multo-

595 2042 666 2082 ties
697 2039 922 2082 altitudines
956 2041 1058 2084 Solis
1092 2042 1451 2095 correspondentes,
1484 2050 1530 2081 vt
1571 2042 1721 2083 certior
1753 2051 1846 2080 eua-

590 2105 726 2145 derem
766 2106 812 2144 de
849 2105 1122 2145 vniformitate
1156 2114 1291 2146 motus
1323 2101 1555 2156 horologii,
1606 2115 1657 2145 ex
1705 2103 1846 2157 quibus

1752 2178 1844 2220 per-
