<?xml version="1.0" encoding="UTF-8"?>
<!DOCTYPE html PUBLIC "-//W3C//DTD XHTML 1.0 Transitional//EN"
    "http://www.w3.org/TR/xhtml1/DTD/xhtml1-transitional.dtd">
<html xmlns="http://www.w3.org/1999/xhtml" xml:lang="en" lang="en">
 <head>
  <title>
</title>
<meta http-equiv="Content-Type" content="text/html;charset=utf-8" />
  <meta name='ocr-system' content='tesseract 3.04.00' />
  <meta name='ocr-capabilities' content='ocr_page ocr_carea ocr_par ocr_line ocrx_word'/>
</head>
<body>
  <div class='ocr_page' id='page_1' title='image "./novicommentariac18impe_0643.png"; bbox 0 0 1987 2600; ppageno 0'>
   <div class='ocr_carea' id='block_1_1' title="bbox 156 110 1403 404">
    <p class='ocr_par' dir='ltr' id='par_1_1' title="bbox 156 110 1403 404">
     <span class='ocr_line' id='line_1_1' title="bbox 549 110 1398 185; baseline -0.011 -4"><span class='ocrx_word' id='word_1_1' title='bbox 549 110 666 182; x_wconf 54' lang='lat'>”353</span> <span class='ocrx_word' id='word_1_2' title='bbox 698 124 714 184; x_wconf 87' lang='lat'>(</span> <span class='ocrx_word' id='word_1_3' title='bbox 746 135 776 166; x_wconf 85' lang='lat'><em>0</em></span> <span class='ocrx_word' id='word_1_4' title='bbox 810 127 832 183; x_wconf 84' lang='lat'>)</span> <span class='ocrx_word' id='word_1_5' title='bbox 862 127 978 179; x_wconf 47' lang='grc' dir='ltr'>ἔξω</span> <span class='ocrx_word' id='word_1_6' title='bbox 1313 142 1398 185; x_wconf 77' lang='grc' dir='ltr'>57ι</span> 
     </span>
     <span class='ocr_line' id='line_1_2' title="bbox 474 233 1050 289; baseline -0.005 -1"><span class='ocrx_word' id='word_1_7' title='bbox 474 233 1050 289; x_wconf 84' lang='lat' dir='ltr'><strong>OBSERVATIO</strong></span> 
     </span>
     <span class='ocr_line' id='line_1_3' title="bbox 156 328 1403 404; baseline -0.002 0"><span class='ocrx_word' id='word_1_8' title='bbox 156 331 857 404; x_wconf 84' lang='lat' dir='ltr'>ECLIPSIS</span> <span class='ocrx_word' id='word_1_9' title='bbox 946 328 1403 404; x_wconf 83' lang='lat' dir='ltr'>SOLIS</span> 
     </span>
    </p>
   </div>
   <div class='ocr_carea' id='block_1_2' title="bbox 211 433 1327 494">
    <p class='ocr_par' dir='ltr' id='par_1_2' title="bbox 211 433 1327 494">
     <span class='ocr_line' id='line_1_4' title="bbox 211 433 1327 494; baseline 0.002 -11"><span class='ocrx_word' id='word_1_10' title='bbox 211 439 403 483; x_wconf 73' lang='lat' dir='ltr'>FACTA</span> <span class='ocrx_word' id='word_1_11' title='bbox 435 433 755 480; x_wconf 66' lang='lat' dir='ltr'>PETROFom</span> <span class='ocrx_word' id='word_1_12' title='bbox 790 442 897 474; x_wconf 75' lang='lat' dir='ltr'>Dm</span> <span class='ocrx_word' id='word_1_13' title='bbox 931 445 963 483; x_wconf 65' lang='grc' dir='ltr'>’.ξ</span> <span class='ocrx_word' id='word_1_14' title='bbox 1012 440 1154 486; x_wconf 84' lang='lat' dir='ltr'>Martii</span> <span class='ocrx_word' id='word_1_15' title='bbox 1191 451 1327 494; x_wconf 78' lang='lat'><strong>1773·</strong></span> 
     </span>
    </p>
   </div>
   <div class='ocr_carea' id='block_1_3' title="bbox 625 564 955 617">
    <p class='ocr_par' dir='ltr' id='par_1_3' title="bbox 625 564 955 617">
     <span class='ocr_line' id='line_1_5' title="bbox 625 564 955 617; baseline -0.003 0"><span class='ocrx_word' id='word_1_16' title='bbox 625 574 913 617; x_wconf 80' lang='lat' dir='ltr'>Auctore</span> <span class='ocrx_word' id='word_1_17' title='bbox 953 564 955 566; x_wconf 39' lang='lat'>¹</span> 
     </span>
    </p>
   </div>
   <div class='ocr_carea' id='block_1_4' title="bbox 490 682 1049 730">
    <p class='ocr_par' dir='ltr' id='par_1_4' title="bbox 490 682 1049 730">
     <span class='ocr_line' id='line_1_6' title="bbox 490 682 1049 730; baseline -0.004 0"><span class='ocrx_word' id='word_1_18' title='bbox 490 685 539 730; x_wconf 83' lang='lat' dir='ltr'>A.</span> <span class='ocrx_word' id='word_1_19' title='bbox 606 685 642 726; x_wconf 90' lang='lat' dir='ltr'>I.</span> <span class='ocrx_word' id='word_1_20' title='bbox 709 682 1049 730; x_wconf 63' lang='lat' dir='ltr'><em>LEXELL:</em></span> 
     </span>
    </p>
   </div>
   <div class='ocr_carea' id='block_1_5' title="bbox 130 816 1418 2210">
    <p class='ocr_par' dir='ltr' id='par_1_5' title="bbox 237 816 1415 881">
     <span class='ocr_line' id='line_1_7' title="bbox 237 816 1415 881; baseline -0.002 -12"><span class='ocrx_word' id='word_1_21' title='bbox 237 824 502 871; x_wconf 79' lang='lat' dir='ltr'>bseruationes</span> <span class='ocrx_word' id='word_1_22' title='bbox 535 820 764 881; x_wconf 82' lang='lat' dir='ltr'>Eclipfium</span> <span class='ocrx_word' id='word_1_23' title='bbox 796 816 901 866; x_wconf 84' lang='lat' dir='ltr'>Solis</span> <span class='ocrx_word' id='word_1_24' title='bbox 936 837 985 867; x_wconf 90' lang='lat' dir='ltr'>eo</span> <span class='ocrx_word' id='word_1_25' title='bbox 1018 820 1217 868; x_wconf 82' lang='lat' dir='ltr'>maiorem</span> <span class='ocrx_word' id='word_1_26' title='bbox 1248 836 1415 868; x_wconf 57' lang='lat' dir='ltr'>mercna</span> 
     </span>
    </p>

    <p class='ocr_par' dir='ltr' id='par_1_6' title="bbox 130 886 1418 2210">
     <span class='ocr_line' id='line_1_8' title="bbox 273 886 1415 943; baseline -0.002 -9"><span class='ocrx_word' id='word_1_27' title='bbox 273 886 340 934; x_wconf 85' lang='lat' dir='ltr'>tur</span> <span class='ocrx_word' id='word_1_28' title='bbox 375 891 640 933; x_wconf 81' lang='lat' dir='ltr'>attentionem</span> <span class='ocrx_word' id='word_1_29' title='bbox 661 919 674 939; x_wconf 91' lang='lat'>‚</span> <span class='ocrx_word' id='word_1_30' title='bbox 725 890 829 943; x_wconf 90' lang='lat' dir='ltr'>quod</span> <span class='ocrx_word' id='word_1_31' title='bbox 864 901 915 931; x_wconf 82' lang='lat' dir='ltr'>ex</span> <span class='ocrx_word' id='word_1_32' title='bbox 949 889 998 930; x_wconf 90' lang='lat' dir='ltr'>iis</span> <span class='ocrx_word' id='word_1_33' title='bbox 1030 903 1113 931; x_wconf 90' lang='lat' dir='ltr'>non</span> <span class='ocrx_word' id='word_1_34' title='bbox 1144 889 1273 933; x_wconf 90' lang='lat' dir='ltr'>solum</span> <span class='ocrx_word' id='word_1_35' title='bbox 1324 890 1415 933; x_wconf 86' lang='lat' dir='ltr'>loca</span> 
     </span>
     <span class='ocr_line' id='line_1_9' title="bbox 132 953 1416 1010; baseline -0.002 -12"><span class='ocrx_word' id='word_1_36' title='bbox 132 955 270 998; x_wconf 86' lang='lat' dir='ltr'>Lunae</span> <span class='ocrx_word' id='word_1_37' title='bbox 302 967 399 997; x_wconf 84' lang='lat' dir='ltr'>curn</span> <span class='ocrx_word' id='word_1_38' title='bbox 435 958 593 996; x_wconf 87' lang='lat' dir='ltr'>summa</span> <span class='ocrx_word' id='word_1_39' title='bbox 628 953 901 996; x_wconf 71' lang='lat' dir='ltr'>exastitudine</span> <span class='ocrx_word' id='word_1_40' title='bbox 934 953 1095 995; x_wconf 88' lang='lat' dir='ltr'>definiri</span> <span class='ocrx_word' id='word_1_41' title='bbox 1128 963 1309 1010; x_wconf 83' lang='lat' dir='ltr'>queant,</span> <span class='ocrx_word' id='word_1_42' title='bbox 1351 954 1416 996; x_wconf 90' lang='lat' dir='ltr'>sed</span> 
     </span>
     <span class='ocr_line' id='line_1_10' title="bbox 134 1017 1415 1075; baseline 0 -15"><span class='ocrx_word' id='word_1_43' title='bbox 134 1021 262 1060; x_wconf 85' lang='lat' dir='ltr'>etiam</span> <span class='ocrx_word' id='word_1_44' title='bbox 299 1021 393 1075; x_wconf 81' lang='lat' dir='ltr'>quia</span> <span class='ocrx_word' id='word_1_45' title='bbox 428 1021 611 1060; x_wconf 86' lang='lat' dir='ltr'>medium</span> <span class='ocrx_word' id='word_1_46' title='bbox 646 1019 838 1074; x_wconf 79' lang='lat' dir='ltr'><strong>praebent</strong></span> <span class='ocrx_word' id='word_1_47' title='bbox 873 1017 1141 1059; x_wconf 83' lang='lat' dir='ltr'>certiffirnum</span> <span class='ocrx_word' id='word_1_48' title='bbox 1192 1018 1415 1060; x_wconf 86' lang='lat' dir='ltr'>definiendi</span> 
     </span>
     <span class='ocr_line' id='line_1_11' title="bbox 130 1080 1417 1134; baseline -0.002 -8"><span class='ocrx_word' id='word_1_49' title='bbox 130 1082 374 1126; x_wconf 85' lang='lat' dir='ltr'>differentias</span> <span class='ocrx_word' id='word_1_50' title='bbox 411 1083 734 1124; x_wconf 80' lang='lat' dir='ltr'>meridianorum</span> <span class='ocrx_word' id='word_1_51' title='bbox 767 1083 872 1124; x_wconf 81' lang='lat' dir='ltr'>inter</span> <span class='ocrx_word' id='word_1_52' title='bbox 908 1080 1030 1134; x_wconf 85' lang='lat' dir='ltr'>loca,</span> <span class='ocrx_word' id='word_1_53' title='bbox 1086 1082 1152 1122; x_wconf 82' lang='lat' dir='ltr'>vbi</span> <span class='ocrx_word' id='word_1_54' title='bbox 1188 1082 1417 1124; x_wconf 89' lang='lat' dir='ltr'>istiusmodi</span> 
     </span>
     <span class='ocr_line' id='line_1_12' title="bbox 133 1145 1415 1188; baseline 0 -1"><span class='ocrx_word' id='word_1_55' title='bbox 133 1146 428 1187; x_wconf 80' lang='lat' dir='ltr'>obseruationes</span> <span class='ocrx_word' id='word_1_56' title='bbox 465 1148 666 1188; x_wconf 86' lang='lat' dir='ltr'>institutae</span> <span class='ocrx_word' id='word_1_57' title='bbox 698 1148 804 1187; x_wconf 92' lang='lat' dir='ltr'>sunt.</span> <span class='ocrx_word' id='word_1_58' title='bbox 888 1145 1002 1186; x_wconf 83' lang='lat' dir='ltr'>Licet</span> <span class='ocrx_word' id='word_1_59' title='bbox 1034 1146 1146 1187; x_wconf 88' lang='lat' dir='ltr'>enim</span> <span class='ocrx_word' id='word_1_60' title='bbox 1205 1145 1415 1187; x_wconf 84' lang='lat' dir='ltr'>nonnullis</span> 
     </span>
     <span class='ocr_line' id='line_1_13' title="bbox 130 1207 1417 1263; baseline 0.004 -17"><span class='ocrx_word' id='word_1_61' title='bbox 130 1210 361 1263; x_wconf 82' lang='lat' dir='ltr'>persuasum</span> <span class='ocrx_word' id='word_1_62' title='bbox 414 1207 496 1258; x_wconf 78' lang='lat' dir='ltr'>fit,</span> <span class='ocrx_word' id='word_1_63' title='bbox 545 1219 598 1249; x_wconf 87' lang='lat' dir='ltr'>ex</span> <span class='ocrx_word' id='word_1_64' title='bbox 645 1209 986 1249; x_wconf 82' lang='lat' dir='ltr'>obseruationibus</span> <span class='ocrx_word' id='word_1_65' title='bbox 1038 1208 1267 1263; x_wconf 88' lang='lat' dir='ltr'>Eclipfium</span> <span class='ocrx_word' id='word_1_66' title='bbox 1309 1209 1417 1251; x_wconf 88' lang='lat' dir='ltr'>Solis</span> 
     </span>
     <span class='ocr_line' id='line_1_14' title="bbox 131 1269 1414 1327; baseline 0 -13"><span class='ocrx_word' id='word_1_67' title='bbox 131 1272 241 1314; x_wconf 86' lang='lat' dir='ltr'>nihil</span> <span class='ocrx_word' id='word_1_68' title='bbox 273 1273 373 1314; x_wconf 89' lang='lat' dir='ltr'>certi</span> <span class='ocrx_word' id='word_1_69' title='bbox 404 1272 518 1313; x_wconf 82' lang='lat' dir='ltr'>statui</span> <span class='ocrx_word' id='word_1_70' title='bbox 552 1269 658 1325; x_wconf 85' lang='lat' dir='ltr'>poffe</span> <span class='ocrx_word' id='word_1_71' title='bbox 695 1274 744 1314; x_wconf 89' lang='lat' dir='ltr'>de</span> <span class='ocrx_word' id='word_1_72' title='bbox 800 1270 1145 1322; x_wconf 88' lang='lat' dir='ltr'>Longitudinibus</span> <span class='ocrx_word' id='word_1_73' title='bbox 1194 1274 1414 1327; x_wconf 88' lang='lat' dir='ltr'>locorum;</span> 
     </span>
     <span class='ocr_line' id='line_1_15' title="bbox 133 1335 1415 1389; baseline 0.001 -12"><span class='ocrx_word' id='word_1_74' title='bbox 133 1335 362 1388; x_wconf 87' lang='lat' dir='ltr'>multiplici</span> <span class='ocrx_word' id='word_1_75' title='bbox 400 1346 536 1374; x_wconf 86' lang='lat' dir='ltr'>tamen</span> <span class='ocrx_word' id='word_1_76' title='bbox 589 1336 837 1385; x_wconf 80' lang='lat' dir='ltr'>experientia</span> <span class='ocrx_word' id='word_1_77' title='bbox 885 1335 1046 1376; x_wconf 73' lang='lat' dir='ltr'>edmstus</span> <span class='ocrx_word' id='word_1_78' title='bbox 1095 1339 1218 1389; x_wconf 84' lang='lat' dir='ltr'>sum,</span> <span class='ocrx_word' id='word_1_79' title='bbox 1271 1338 1415 1379; x_wconf 73' lang='lat' dir='ltr'>omnia</span> 
     </span>
     <span class='ocr_line' id='line_1_16' title="bbox 132 1395 1413 1452; baseline 0.004 -14"><span class='ocrx_word' id='word_1_80' title='bbox 132 1411 238 1452; x_wconf 79' lang='lat' dir='ltr'>quae</span> <span class='ocrx_word' id='word_1_81' title='bbox 269 1408 409 1440; x_wconf 81' lang='lat' dir='ltr'>contra</span> <span class='ocrx_word' id='word_1_82' title='bbox 444 1398 562 1437; x_wconf 85' lang='lat' dir='ltr'>vsum</span> <span class='ocrx_word' id='word_1_83' title='bbox 607 1395 755 1437; x_wconf 88' lang='lat' dir='ltr'>harum</span> <span class='ocrx_word' id='word_1_84' title='bbox 805 1396 1131 1439; x_wconf 81' lang='lat' dir='ltr'>obseruationum</span> <span class='ocrx_word' id='word_1_85' title='bbox 1189 1410 1413 1443; x_wconf 82' lang='lat' dir='ltr'>mouentur</span> 
     </span>
     <span class='ocr_line' id='line_1_17' title="bbox 132 1458 1413 1514; baseline 0.002 -11"><span class='ocrx_word' id='word_1_86' title='bbox 132 1464 284 1513; x_wconf 82' lang='lat' dir='ltr'>dubia,</span> <span class='ocrx_word' id='word_1_87' title='bbox 334 1460 529 1503; x_wconf 77' lang='lat' dir='ltr'>leuissima</span> <span class='ocrx_word' id='word_1_88' title='bbox 583 1460 659 1501; x_wconf 84' lang='lat' dir='ltr'>effe</span> <span class='ocrx_word' id='word_1_89' title='bbox 690 1489 701 1511; x_wconf 89' lang='lat'><strong>‚</strong></span> <span class='ocrx_word' id='word_1_90' title='bbox 756 1462 1010 1514; x_wconf 84' lang='lat' dir='ltr'>exceptisque</span> <span class='ocrx_word' id='word_1_91' title='bbox 1069 1458 1413 1505; x_wconf 82' lang='lat' dir='ltr'>occultation&#39;ibus</span> 
     </span>
     <span class='ocr_line' id='line_1_18' title="bbox 133 1523 1412 1573; baseline 0.001 -6"><span class='ocrx_word' id='word_1_92' title='bbox 133 1526 314 1567; x_wconf 78' lang='lat' dir='ltr'>fixarum</span> <span class='ocrx_word' id='word_1_93' title='bbox 349 1539 368 1565; x_wconf 84' lang='lat' dir='ltr'>a</span> <span class='ocrx_word' id='word_1_94' title='bbox 404 1526 545 1573; x_wconf 66' lang='lat' dir='ltr'>Luna,</span> <span class='ocrx_word' id='word_1_95' title='bbox 599 1523 696 1565; x_wconf 79' lang='lat' dir='ltr'>alias</span> <span class='ocrx_word' id='word_1_96' title='bbox 730 1537 809 1564; x_wconf 91' lang='lat' dir='ltr'>non</span> <span class='ocrx_word' id='word_1_97' title='bbox 842 1526 928 1567; x_wconf 82' lang='lat' dir='ltr'>dari</span> <span class='ocrx_word' id='word_1_98' title='bbox 974 1523 1266 1566; x_wconf 80' lang='lat' dir='ltr'>obseruationes</span> <span class='ocrx_word' id='word_1_99' title='bbox 1319 1541 1412 1568; x_wconf 85' lang='lat' dir='ltr'>cer-</span> 
     </span>
     <span class='ocr_line' id='line_1_19' title="bbox 135 1588 1414 1644; baseline 0.001 -13"><span class='ocrx_word' id='word_1_100' title='bbox 135 1593 286 1641; x_wconf 73' lang='lat' dir='ltr'>nores„</span> <span class='ocrx_word' id='word_1_101' title='bbox 340 1601 512 1644; x_wconf 80' lang='lat' dir='ltr'>quarum</span> <span class='ocrx_word' id='word_1_102' title='bbox 566 1600 643 1642; x_wconf 89' lang='lat' dir='ltr'>ope</span> <span class='ocrx_word' id='word_1_103' title='bbox 694 1588 990 1641; x_wconf 81' lang='lat' dir='ltr'>Longitudines</span> <span class='ocrx_word' id='word_1_104' title='bbox 1033 1588 1216 1631; x_wconf 85' lang='lat' dir='ltr'>locorum</span> <span class='ocrx_word' id='word_1_105' title='bbox 1252 1589 1414 1632; x_wconf 85' lang='lat' dir='ltr'>definiri</span> 
     </span>
     <span class='ocr_line' id='line_1_20' title="bbox 134 1651 1415 1709; baseline 0.002 -14"><span class='ocrx_word' id='word_1_106' title='bbox 134 1655 300 1709; x_wconf 76' lang='lat' dir='ltr'>possent.</span> <span class='ocrx_word' id='word_1_107' title='bbox 390 1655 460 1695; x_wconf 82' lang='lat' dir='ltr'>Ex</span> <span class='ocrx_word' id='word_1_108' title='bbox 495 1652 785 1700; x_wconf 79' lang='lat' dir='ltr'>„obseruatione</span> <span class='ocrx_word' id='word_1_109' title='bbox 837 1653 964 1704; x_wconf 83' lang='lat' dir='ltr'>igitur</span> <span class='ocrx_word' id='word_1_110' title='bbox 1007 1653 1179 1708; x_wconf 73' lang='lat' dir='ltr'>Eclipsns</span> <span class='ocrx_word' id='word_1_111' title='bbox 1211 1651 1315 1695; x_wconf 85' lang='lat' dir='ltr'>Solis</span> <span class='ocrx_word' id='word_1_112' title='bbox 1349 1655 1415 1697; x_wconf 82' lang='lat' dir='ltr'>die</span> 
     </span>
     <span class='ocr_line' id='line_1_21' title="bbox 139 1717 1414 1770; baseline 0.004 -15"><span class='ocrx_word' id='word_1_113' title='bbox 139 1729 196 1767; x_wconf 82' lang='lat'>23</span> <span class='ocrx_word' id='word_1_114' title='bbox 235 1718 385 1759; x_wconf 81' lang='lat' dir='ltr'>Martii</span> <span class='ocrx_word' id='word_1_115' title='bbox 418 1717 623 1770; x_wconf 84' lang='lat' dir='ltr'>Petropoli</span> <span class='ocrx_word' id='word_1_116' title='bbox 663 1717 757 1758; x_wconf 59' lang='lat' dir='ltr'>faita</span> <span class='ocrx_word' id='word_1_117' title='bbox 785 1743 797 1766; x_wconf 62' lang='lat'><em>2</em></span> <span class='ocrx_word' id='word_1_118' title='bbox 830 1731 959 1770; x_wconf 83' lang='lat' dir='ltr'>quum</span> <span class='ocrx_word' id='word_1_119' title='bbox 992 1731 1070 1759; x_wconf 89' lang='lat' dir='ltr'>non</span> <span class='ocrx_word' id='word_1_120' title='bbox 1106 1717 1236 1760; x_wconf 87' lang='lat' dir='ltr'>solum</span> <span class='ocrx_word' id='word_1_121' title='bbox 1272 1731 1414 1760; x_wconf 77' lang='lat' dir='ltr'>veram</span> 
     </span>
     <span class='ocr_line' id='line_1_22' title="bbox 136 1781 1414 1824; baseline 0.001 -2"><span class='ocrx_word' id='word_1_122' title='bbox 136 1781 275 1823; x_wconf 78' lang='lat' dir='ltr'>Lunae</span> <span class='ocrx_word' id='word_1_123' title='bbox 311 1795 403 1822; x_wconf 84' lang='lat' dir='ltr'>curn</span> <span class='ocrx_word' id='word_1_124' title='bbox 440 1781 534 1823; x_wconf 88' lang='lat' dir='ltr'>Sole</span> <span class='ocrx_word' id='word_1_125' title='bbox 565 1781 899 1824; x_wconf 60' lang='lat' dir='ltr'>coniunctionem</span> <span class='ocrx_word' id='word_1_126' title='bbox 956 1782 1043 1823; x_wconf 80' lang='lat' dir='ltr'>satis</span> <span class='ocrx_word' id='word_1_127' title='bbox 1094 1782 1230 1823; x_wconf 62' lang='lat' dir='ltr'>exuste</span> <span class='ocrx_word' id='word_1_128' title='bbox 1279 1783 1414 1823; x_wconf 80' lang='lat' dir='ltr'>deter-</span> 
     </span>
     <span class='ocr_line' id='line_1_23' title="bbox 136 1842 1416 1900; baseline -0.002 -13"><span class='ocrx_word' id='word_1_129' title='bbox 136 1847 293 1887; x_wconf 83' lang='lat' dir='ltr'>minare</span> <span class='ocrx_word' id='word_1_130' title='bbox 346 1843 451 1886; x_wconf 88' lang='lat' dir='ltr'>mihi</span> <span class='ocrx_word' id='word_1_131' title='bbox 507 1844 656 1896; x_wconf 83' lang='lat' dir='ltr'>licuit;</span> <span class='ocrx_word' id='word_1_132' title='bbox 704 1846 763 1886; x_wconf 87' lang='lat' dir='ltr'>sed</span> <span class='ocrx_word' id='word_1_133' title='bbox 823 1848 946 1887; x_wconf 78' lang='lat' dir='ltr'>etiam</span> <span class='ocrx_word' id='word_1_134' title='bbox 984 1842 1169 1887; x_wconf 19' lang='lat' dir='ltr'>‘exreius</span> <span class='ocrx_word' id='word_1_135' title='bbox 1202 1858 1416 1900; x_wconf 79' lang='lat' dir='ltr'>compara.</span> 
     </span>
     <span class='ocr_line' id='line_1_24' title="bbox 137 1903 1414 1964; baseline 0.002 -14"><span class='ocrx_word' id='word_1_136' title='bbox 137 1910 248 1950; x_wconf 88' lang='lat' dir='ltr'>tione</span> <span class='ocrx_word' id='word_1_137' title='bbox 285 1923 379 1950; x_wconf 89' lang='lat' dir='ltr'>cum</span> <span class='ocrx_word' id='word_1_138' title='bbox 415 1908 620 1949; x_wconf 81' lang='lat' dir='ltr'>nonnullis</span> <span class='ocrx_word' id='word_1_139' title='bbox 654 1909 994 1950; x_wconf 78' lang='lat' dir='ltr'>obseruationibus</span> <span class='ocrx_word' id='word_1_140' title='bbox 1029 1903 1121 1951; x_wconf 79' lang='lat' dir='ltr'>alibi</span> <span class='ocrx_word' id='word_1_141' title='bbox 1158 1908 1267 1951; x_wconf 67' lang='lat' dir='ltr'>faecis</span> <span class='ocrx_word' id='word_1_142' title='bbox 1292 1941 1302 1960; x_wconf 85' lang='lat'>‚</span> <span class='ocrx_word' id='word_1_143' title='bbox 1338 1923 1414 1964; x_wconf 85' lang='lat' dir='ltr'>pro</span> 
     </span>
     <span class='ocr_line' id='line_1_25' title="bbox 136 1973 1413 2026; baseline 0.001 -12"><span class='ocrx_word' id='word_1_144' title='bbox 136 1974 371 2014; x_wconf 76' lang='lat' dir='ltr'>differentiis</span> <span class='ocrx_word' id='word_1_145' title='bbox 406 1973 722 2014; x_wconf 84' lang='lat' dir='ltr'>meridianorum</span> <span class='ocrx_word' id='word_1_146' title='bbox 758 1973 1032 2014; x_wconf 79' lang='lat' dir='ltr'>conclusiones</span> <span class='ocrx_word' id='word_1_147' title='bbox 1065 1976 1286 2017; x_wconf 81' lang='lat' dir='ltr'>admodum</span> <span class='ocrx_word' id='word_1_148' title='bbox 1318 1987 1413 2026; x_wconf 87' lang='lat' dir='ltr'>pro-</span> 
     </span>
     <span class='ocr_line' id='line_1_26' title="bbox 136 2036 1418 2089; baseline -0.001 -11"><span class='ocrx_word' id='word_1_149' title='bbox 136 2036 282 2078; x_wconf 82' lang='lat' dir='ltr'>babiles</span> <span class='ocrx_word' id='word_1_150' title='bbox 315 2037 558 2088; x_wconf 68' lang='lat' dir='ltr'>elicuerit-113</span> <span class='ocrx_word' id='word_1_151' title='bbox 594 2036 699 2078; x_wconf 82' lang='lat' dir='ltr'>haud</span> <span class='ocrx_word' id='word_1_152' title='bbox 735 2046 888 2089; x_wconf 77' lang='lat' dir='ltr'>praeter</span> <span class='ocrx_word' id='word_1_153' title='bbox 923 2050 1005 2078; x_wconf 89' lang='lat' dir='ltr'>rem</span> <span class='ocrx_word' id='word_1_154' title='bbox 1044 2039 1117 2079; x_wconf 84' lang='lat' dir='ltr'>effe</span> <span class='ocrx_word' id='word_1_155' title='bbox 1147 2071 1157 2089; x_wconf 86' lang='lat'>,</span> <span class='ocrx_word' id='word_1_156' title='bbox 1213 2037 1418 2089; x_wconf 77' lang='lat' dir='ltr'>indicaui,</span> 
     </span>
     <span class='ocr_line' id='line_1_27' title="bbox 137 2098 1415 2155; baseline -0.004 -10"><span class='ocrx_word' id='word_1_157' title='bbox 137 2103 304 2146; x_wconf 80' lang='lat' dir='ltr'>breuem</span> <span class='ocrx_word' id='word_1_158' title='bbox 337 2101 458 2143; x_wconf 86' lang='lat' dir='ltr'>huius</span> <span class='ocrx_word' id='word_1_159' title='bbox 490 2101 774 2144; x_wconf 80' lang='lat' dir='ltr'>obseruationis</span> <span class='ocrx_word' id='word_1_160' title='bbox 806 2101 1106 2155; x_wconf 72' lang='lat' dir='ltr'>expositionem</span> <span class='ocrx_word' id='word_1_161' title='bbox 1153 2098 1243 2144; x_wconf 85' lang='lat' dir='ltr'>heic</span> <span class='ocrx_word' id='word_1_162' title='bbox 1294 2113 1415 2141; x_wconf 80' lang='lat' dir='ltr'>corn-</span> 
     </span>
     <span class='ocr_line' id='line_1_28' title="bbox 694 2163 1410 2210; baseline 0.003 -2"><span class='ocrx_word' id='word_1_163' title='bbox 694 2163 847 2208; x_wconf 90' lang='lat' dir='ltr'>Ccce</span> <span class='ocrx_word' id='word_1_164' title='bbox 882 2178 908 2207; x_wconf 86' lang='lat'><em>2</em></span> <span class='ocrx_word' id='word_1_165' title='bbox 1268 2166 1410 2210; x_wconf 87' lang='lat' dir='ltr'>muni-</span> 
     </span>
    </p>
   </div>
  </div>
 </body>
</html>
