<?xml version="1.0" encoding="UTF-8"?>
<!DOCTYPE html PUBLIC "-//W3C//DTD XHTML 1.0 Transitional//EN"
    "http://www.w3.org/TR/xhtml1/DTD/xhtml1-transitional.dtd">
<html xmlns="http://www.w3.org/1999/xhtml" xml:lang="en" lang="en">
 <head>
  <title>
</title>
<meta http-equiv="Content-Type" content="text/html;charset=utf-8" />
  <meta name='ocr-system' content='tesseract 3.04.00' />
  <meta name='ocr-capabilities' content='ocr_page ocr_carea ocr_par ocr_line ocrx_word'/>
</head>
<body>
  <div class='ocr_page' id='page_1' title='image "./novicommentariac18impe_0350.png"; bbox 0 0 1987 2600; ppageno 0'>
   <div class='ocr_carea' id='block_1_1' title="bbox 541 145 1366 195">
    <p class='ocr_par' dir='ltr' id='par_1_1' title="bbox 541 145 1366 195">
     <span class='ocr_line' id='line_1_1' title="bbox 541 145 1366 195; baseline 0.004 -10"><span class='ocrx_word' id='word_1_1' title='bbox 541 148 629 195; x_wconf 81' lang='lat'>278</span> <span class='ocrx_word' id='word_1_2' title='bbox 968 145 1068 188; x_wconf 94' lang='lat' dir='ltr'>DE</span> <span class='ocrx_word' id='word_1_3' title='bbox 1135 146 1366 189; x_wconf 87' lang='lat' dir='ltr'>MOTV</span> 
     </span>
    </p>
   </div>
   <div class='ocr_carea' id='block_1_2' title="bbox 536 253 1804 453">
    <p class='ocr_par' dir='ltr' id='par_1_2' title="bbox 536 253 1804 453">
     <span class='ocr_line' id='line_1_2' title="bbox 687 253 1804 314; baseline 0.01 -17"><span class='ocrx_word' id='word_1_4' title='bbox 687 258 719 307; x_wconf 73' lang='lat'>§-</span> <span class='ocrx_word' id='word_1_5' title='bbox 763 265 830 305; x_wconf 87' lang='lat'>17.</span> <span class='ocrx_word' id='word_1_6' title='bbox 864 253 928 298; x_wconf 84' lang='lat' dir='ltr'>Sit</span> <span class='ocrx_word' id='word_1_7' title='bbox 962 256 1089 308; x_wconf 84' lang='lat' dir='ltr'>igitur</span> <span class='ocrx_word' id='word_1_8' title='bbox 1123 259 1257 314; x_wconf 86' lang='lat' dir='ltr'>primo</span> <span class='ocrx_word' id='word_1_9' title='bbox 1293 260 1446 303; x_wconf 71' lang='lat' dir='ltr'>Ezo</span> <span class='ocrx_word' id='word_1_10' title='bbox 1482 261 1534 304; x_wconf 82' lang='lat' dir='ltr'>ita</span> <span class='ocrx_word' id='word_1_11' title='bbox 1571 271 1617 304; x_wconf 84' lang='lat' dir='ltr'>vt</span> <span class='ocrx_word' id='word_1_12' title='bbox 1668 273 1804 309; x_wconf 86' lang='lat' dir='ltr'>motus</span> 
     </span>
     <span class='ocr_line' id='line_1_3' title="bbox 538 320 1803 383; baseline 0.008 -21"><span class='ocrx_word' id='word_1_13' title='bbox 538 320 823 363; x_wconf 81' lang='lat' dir='ltr'>determinatio</span> <span class='ocrx_word' id='word_1_14' title='bbox 856 330 1018 362; x_wconf 85' lang='lat' dir='ltr'>tantum</span> <span class='ocrx_word' id='word_1_15' title='bbox 1050 336 1072 364; x_wconf 86' lang='lat' dir='ltr'>a</span> <span class='ocrx_word' id='word_1_16' title='bbox 1107 325 1188 366; x_wconf 83' lang='lat' dir='ltr'>solo</span> <span class='ocrx_word' id='word_1_17' title='bbox 1228 326 1378 377; x_wconf 81' lang='lat' dir='ltr'>angulo</span> <span class='ocrx_word' id='word_1_18' title='bbox 1418 323 1585 380; x_wconf 70' lang='grc' dir='ltr'>(νηί-Ι·</span> <span class='ocrx_word' id='word_1_19' title='bbox 1607 325 1660 382; x_wconf 82' lang='grc' dir='ltr'>μ.)</span> <span class='ocrx_word' id='word_1_20' title='bbox 1702 344 1803 383; x_wconf 90' lang='lat' dir='ltr'>pen-</span> 
     </span>
     <span class='ocr_line' id='line_1_4' title="bbox 536 385 1804 453; baseline 0.008 -28"><span class='ocrx_word' id='word_1_21' title='bbox 536 385 625 425; x_wconf 79' lang='lat' dir='ltr'>deat</span> <span class='ocrx_word' id='word_1_22' title='bbox 671 393 790 437; x_wconf 81' lang='lat' dir='ltr'>arque</span> <span class='ocrx_word' id='word_1_23' title='bbox 840 386 1095 430; x_wconf 81' lang='lat' dir='ltr'>manifestum</span> <span class='ocrx_word' id='word_1_24' title='bbox 1128 390 1205 441; x_wconf 88' lang='lat' dir='ltr'>est,</span> <span class='ocrx_word' id='word_1_25' title='bbox 1242 391 1327 443; x_wconf 87' lang='lat' dir='ltr'>post</span> <span class='ocrx_word' id='word_1_26' title='bbox 1365 401 1524 446; x_wconf 87' lang='lat' dir='ltr'>tempus</span> <span class='ocrx_word' id='word_1_27' title='bbox 1556 400 1574 432; x_wconf 80' lang='lat' dir='ltr'><em>t</em></span> <span class='ocrx_word' id='word_1_28' title='bbox 1595 393 1700 453; x_wconf 55' lang='lat'>:⁷32-</span> <span class='ocrx_word' id='word_1_29' title='bbox 1734 397 1804 437; x_wconf 85' lang='lat' dir='ltr'>see.</span> 
     </span>
    </p>
   </div>
   <div class='ocr_carea' id='block_1_3' title="bbox 532 457 1807 710">
    <p class='ocr_par' dir='ltr' id='par_1_3' title="bbox 532 457 1807 710">
     <span class='ocr_line' id='line_1_5' title="bbox 535 457 1806 516; baseline 0.009 -20"><span class='ocrx_word' id='word_1_30' title='bbox 535 457 604 497; x_wconf 72' lang='lat' dir='ltr'>vbi</span> <span class='ocrx_word' id='word_1_31' title='bbox 641 470 673 497; x_wconf 83' lang='grc' dir='ltr'>π</span> <span class='ocrx_word' id='word_1_32' title='bbox 707 457 869 497; x_wconf 82' lang='lat' dir='ltr'>denotat</span> <span class='ocrx_word' id='word_1_33' title='bbox 905 461 1285 515; x_wconf 79' lang='lat' dir='ltr'>semiperipheriam</span> <span class='ocrx_word' id='word_1_34' title='bbox 1322 464 1490 516; x_wconf 86' lang='lat' dir='ltr'>circuli,</span> <span class='ocrx_word' id='word_1_35' title='bbox 1526 465 1644 507; x_wconf 81' lang='lat' dir='ltr'>cuius</span> <span class='ocrx_word' id='word_1_36' title='bbox 1677 466 1806 507; x_wconf 82' lang='lat' dir='ltr'>radius</span> 
     </span>
     <span class='ocr_line' id='line_1_6' title="bbox 533 519 1806 584; baseline 0.011 -26"><span class='ocrx_word' id='word_1_37' title='bbox 533 533 645 564; x_wconf 66' lang='lat'>31.</span> <span class='ocrx_word' id='word_1_38' title='bbox 683 519 817 561; x_wconf 82' lang='lat' dir='ltr'>smum</span> <span class='ocrx_word' id='word_1_39' title='bbox 868 522 1005 579; x_wconf 81' lang='lat' dir='ltr'>anguli</span> <span class='ocrx_word' id='word_1_40' title='bbox 1060 528 1298 582; x_wconf 52' lang='grc' dir='ltr'>(ωε-μμ)</span> <span class='ocrx_word' id='word_1_41' title='bbox 1351 529 1480 582; x_wconf 84' lang='lat' dir='ltr'>priori</span> <span class='ocrx_word' id='word_1_42' title='bbox 1531 531 1615 570; x_wconf 81' lang='lat' dir='ltr'>sore</span> <span class='ocrx_word' id='word_1_43' title='bbox 1660 543 1806 584; x_wconf 79' lang='lat' dir='ltr'>aequa-</span> 
     </span>
     <span class='ocr_line' id='line_1_7' title="bbox 532 583 1807 649; baseline 0.009 -25"><span class='ocrx_word' id='word_1_44' title='bbox 532 583 616 625; x_wconf 88' lang='lat' dir='ltr'>lem</span> <span class='ocrx_word' id='word_1_45' title='bbox 668 594 710 625; x_wconf 85' lang='lat' dir='ltr'>at</span> <span class='ocrx_word' id='word_1_46' title='bbox 761 584 872 637; x_wconf 82' lang='lat' dir='ltr'>ligno</span> <span class='ocrx_word' id='word_1_47' title='bbox 920 587 1074 632; x_wconf 88' lang='lat' dir='ltr'>diuerso</span> <span class='ocrx_word' id='word_1_48' title='bbox 1124 590 1338 642; x_wconf 64' lang='lat' dir='ltr'>afficiam,</span> <span class='ocrx_word' id='word_1_49' title='bbox 1370 594 1474 634; x_wconf 73' lang='lat' dir='ltr'>vnde</span> <span class='ocrx_word' id='word_1_50' title='bbox 1509 592 1587 634; x_wconf 89' lang='lat' dir='ltr'>hoc</span> <span class='ocrx_word' id='word_1_51' title='bbox 1621 603 1807 649; x_wconf 86' lang='lat' dir='ltr'>tempore</span> 
     </span>
     <span class='ocr_line' id='line_1_8' title="bbox 536 647 1807 710; baseline 0.008 -20"><span class='ocrx_word' id='word_1_52' title='bbox 536 647 673 709; x_wconf 51' lang='lat'>&#39;7:37</span> <span class='ocrx_word' id='word_1_53' title='bbox 712 650 933 703; x_wconf 87' lang='lat' dir='ltr'>pendulum</span> <span class='ocrx_word' id='word_1_54' title='bbox 969 663 1090 694; x_wconf 75' lang='lat' dir='ltr'>vnum</span> <span class='ocrx_word' id='word_1_55' title='bbox 1127 654 1421 697; x_wconf 81' lang='lat' dir='ltr'>oscillationem</span> <span class='ocrx_word' id='word_1_56' title='bbox 1463 657 1654 710; x_wconf 75' lang='lat' dir='ltr'>peregisse</span> <span class='ocrx_word' id='word_1_57' title='bbox 1709 671 1807 700; x_wconf 82' lang='lat' dir='ltr'>cen-</span> 
     </span>
    </p>
   </div>
   <div class='ocr_carea' id='block_1_4' title="bbox 484 722 1805 914">
    <p class='ocr_par' dir='ltr' id='par_1_4' title="bbox 484 722 1805 914">
     <span class='ocr_line' id='line_1_9' title="bbox 533 722 1805 781; baseline 0.007 -18"><span class='ocrx_word' id='word_1_58' title='bbox 533 722 694 764; x_wconf 90' lang='lat' dir='ltr'>sendum</span> <span class='ocrx_word' id='word_1_59' title='bbox 728 725 838 775; x_wconf 76' lang='lat' dir='ltr'>erit3</span> <span class='ocrx_word' id='word_1_60' title='bbox 891 724 1015 766; x_wconf 83' lang='lat' dir='ltr'>simili</span> <span class='ocrx_word' id='word_1_61' title='bbox 1055 729 1177 767; x_wconf 91' lang='lat' dir='ltr'>modo</span> <span class='ocrx_word' id='word_1_62' title='bbox 1211 728 1239 767; x_wconf 87' lang='lat' dir='ltr'><strong>fi</strong></span> <span class='ocrx_word' id='word_1_63' title='bbox 1272 731 1392 769; x_wconf 83' lang='lat' dir='ltr'>fuerit</span> <span class='ocrx_word' id='word_1_64' title='bbox 1427 728 1530 770; x_wconf 77' lang='lat' dir='ltr'>C:</span> <span class='ocrx_word' id='word_1_65' title='bbox 1552 743 1594 781; x_wconf 87' lang='lat'>0,</span> <span class='ocrx_word' id='word_1_66' title='bbox 1643 733 1805 772; x_wconf 79' lang='lat' dir='ltr'>osci11a-</span> 
     </span>
     <span class='ocr_line' id='line_1_10' title="bbox 534 788 1805 849; baseline 0.003 -19"><span class='ocrx_word' id='word_1_67' title='bbox 534 789 661 830; x_wconf 85' lang='lat' dir='ltr'>tiones</span> <span class='ocrx_word' id='word_1_68' title='bbox 693 788 841 828; x_wconf 81' lang='lat' dir='ltr'>iterum</span> <span class='ocrx_word' id='word_1_69' title='bbox 877 790 1045 830; x_wconf 85' lang='lat' dir='ltr'>euadent</span> <span class='ocrx_word' id='word_1_70' title='bbox 1083 790 1283 841; x_wconf 76' lang='lat' dir='ltr'>regulares</span> <span class='ocrx_word' id='word_1_71' title='bbox 1317 804 1356 833; x_wconf 86' lang='lat' dir='ltr'>et</span> <span class='ocrx_word' id='word_1_72' title='bbox 1392 792 1567 849; x_wconf 75' lang='lat' dir='ltr'>singulae</span> <span class='ocrx_word' id='word_1_73' title='bbox 1600 795 1805 837; x_wconf 60' lang='lat' dir='ltr'>absoluen-</span> 
     </span>
     <span class='ocr_line' id='line_1_11' title="bbox 484 854 1188 914; baseline 0.004 -22"><span class='ocrx_word' id='word_1_74' title='bbox 484 904 490 910; x_wconf 43' lang='lat'>&lt;</span> <span class='ocrx_word' id='word_1_75' title='bbox 532 860 601 894; x_wconf 85' lang='lat' dir='ltr'>tur</span> <span class='ocrx_word' id='word_1_76' title='bbox 644 861 826 907; x_wconf 87' lang='lat' dir='ltr'>tempore</span> <span class='ocrx_word' id='word_1_77' title='bbox 860 854 1001 914; x_wconf 49' lang='lat' dir='ltr'>cz}</span> <span class='ocrx_word' id='word_1_78' title='bbox 1035 856 1188 896; x_wconf 85' lang='lat' dir='ltr'>secund.</span> 
     </span>
    </p>
   </div>
   <div class='ocr_carea' id='block_1_5' title="bbox 528 962 1805 1279">
    <p class='ocr_par' dir='ltr' id='par_1_5' title="bbox 528 962 1805 1279">
     <span class='ocr_line' id='line_1_12' title="bbox 680 962 1805 1017; baseline 0.002 -11"><span class='ocrx_word' id='word_1_79' title='bbox 680 966 715 1015; x_wconf 72' lang='lat'>§-</span> <span class='ocrx_word' id='word_1_80' title='bbox 760 970 828 1007; x_wconf 87' lang='lat'>18.</span> <span class='ocrx_word' id='word_1_81' title='bbox 863 964 934 1008; x_wconf 81' lang='lat' dir='ltr'>Sin</span> <span class='ocrx_word' id='word_1_82' title='bbox 969 973 1104 1006; x_wconf 78' lang='lat' dir='ltr'>antem</span> <span class='ocrx_word' id='word_1_83' title='bbox 1141 974 1267 1014; x_wconf 75' lang='lat' dir='ltr'>neque</span> <span class='ocrx_word' id='word_1_84' title='bbox 1302 963 1453 1006; x_wconf 74' lang='lat' dir='ltr'>Ezo</span> <span class='ocrx_word' id='word_1_85' title='bbox 1488 974 1614 1017; x_wconf 87' lang='lat' dir='ltr'>neque</span> <span class='ocrx_word' id='word_1_86' title='bbox 1649 962 1805 1017; x_wconf 79' lang='lat' dir='ltr'>C:0‚</span> 
     </span>
     <span class='ocr_line' id='line_1_13' title="bbox 531 1027 1802 1080; baseline 0.001 -11"><span class='ocrx_word' id='word_1_87' title='bbox 531 1038 671 1069; x_wconf 83' lang='lat' dir='ltr'>motus</span> <span class='ocrx_word' id='word_1_88' title='bbox 707 1030 889 1071; x_wconf 81' lang='lat' dir='ltr'>maxime</span> <span class='ocrx_word' id='word_1_89' title='bbox 923 1031 998 1069; x_wconf 87' lang='lat' dir='ltr'>crit</span> <span class='ocrx_word' id='word_1_90' title='bbox 1035 1027 1293 1080; x_wconf 73' lang='lat' dir='ltr'>irregularis,</span> <span class='ocrx_word' id='word_1_91' title='bbox 1329 1028 1497 1069; x_wconf 81' lang='lat' dir='ltr'>interim</span> <span class='ocrx_word' id='word_1_92' title='bbox 1535 1037 1668 1068; x_wconf 79' lang='lat' dir='ltr'>tamen</span> <span class='ocrx_word' id='word_1_93' title='bbox 1703 1042 1802 1070; x_wconf 87' lang='lat' dir='ltr'>eum</span> 
     </span>
     <span class='ocr_line' id='line_1_14' title="bbox 530 1091 1802 1149; baseline 0.004 -17"><span class='ocrx_word' id='word_1_94' title='bbox 530 1102 667 1132; x_wconf 90' lang='lat' dir='ltr'>mente</span> <span class='ocrx_word' id='word_1_95' title='bbox 685 1093 821 1133; x_wconf 87' lang='lat' dir='ltr'>saltem</span> <span class='ocrx_word' id='word_1_96' title='bbox 845 1104 1035 1146; x_wconf 79' lang='lat' dir='ltr'>tanquam</span> <span class='ocrx_word' id='word_1_97' title='bbox 1056 1104 1105 1133; x_wconf 89' lang='lat' dir='ltr'>ex</span> <span class='ocrx_word' id='word_1_98' title='bbox 1122 1093 1277 1148; x_wconf 64' lang='lat' dir='ltr'>,duplici</span> <span class='ocrx_word' id='word_1_99' title='bbox 1300 1102 1416 1133; x_wconf 81' lang='lat' dir='ltr'>motu</span> <span class='ocrx_word' id='word_1_100' title='bbox 1437 1091 1612 1145; x_wconf 86' lang='lat' dir='ltr'>regulari</span> <span class='ocrx_word' id='word_1_101' title='bbox 1634 1105 1802 1149; x_wconf 85' lang='lat' dir='ltr'>compo-</span> 
     </span>
     <span class='ocr_line' id='line_1_15' title="bbox 529 1154 1802 1209; baseline 0.003 -14"><span class='ocrx_word' id='word_1_102' title='bbox 529 1154 652 1196; x_wconf 83' lang='lat' dir='ltr'>situm</span> <span class='ocrx_word' id='word_1_103' title='bbox 684 1156 853 1209; x_wconf 59' lang='lat' dir='ltr'>spe-stare</span> <span class='ocrx_word' id='word_1_104' title='bbox 872 1156 1031 1206; x_wconf 78' lang='lat' dir='ltr'>licebit,</span> <span class='ocrx_word' id='word_1_105' title='bbox 1058 1168 1235 1208; x_wconf 85' lang='lat' dir='ltr'>quorum</span> <span class='ocrx_word' id='word_1_106' title='bbox 1254 1157 1383 1197; x_wconf 86' lang='lat' dir='ltr'>altero</span> <span class='ocrx_word' id='word_1_107' title='bbox 1401 1156 1662 1197; x_wconf 80' lang='lat' dir='ltr'>oscillationes</span> <span class='ocrx_word' id='word_1_108' title='bbox 1683 1171 1802 1209; x_wconf 80' lang='lat' dir='ltr'>pera-</span> 
     </span>
     <span class='ocr_line' id='line_1_16' title="bbox 528 1218 1798 1279; baseline 0.002 -21"><span class='ocrx_word' id='word_1_109' title='bbox 528 1229 680 1271; x_wconf 82' lang='lat' dir='ltr'>gantur</span> <span class='ocrx_word' id='word_1_110' title='bbox 698 1229 886 1275; x_wconf 87' lang='lat' dir='ltr'>tempore</span> <span class='ocrx_word' id='word_1_111' title='bbox 915 1222 951 1255; x_wconf 67' lang='lat' dir='ltr'>“L</span> <span class='ocrx_word' id='word_1_112' title='bbox 972 1223 1042 1261; x_wconf 90' lang='lat' dir='ltr'>sec.</span> <span class='ocrx_word' id='word_1_113' title='bbox 1070 1218 1196 1259; x_wconf 81' lang='lat' dir='ltr'>altero</span> <span class='ocrx_word' id='word_1_114' title='bbox 1225 1232 1322 1259; x_wconf 82' lang='lat' dir='ltr'>vero</span> <span class='ocrx_word' id='word_1_115' title='bbox 1350 1231 1529 1271; x_wconf 82' lang='lat' dir='ltr'>tempore</span> <span class='ocrx_word' id='word_1_116' title='bbox 1563 1227 1579 1257; x_wconf 76' lang='lat' dir='ltr'><em>t</em></span> <span class='ocrx_word' id='word_1_117' title='bbox 1597 1220 1698 1279; x_wconf 63' lang='lat' dir='ltr'>z}</span> <span class='ocrx_word' id='word_1_118' title='bbox 1728 1221 1798 1261; x_wconf 86' lang='lat' dir='ltr'>sec.</span> 
     </span>
    </p>
   </div>
   <div class='ocr_carea' id='block_1_6' title="bbox 919 1265 945 1281">
    <p class='ocr_par' dir='ltr' id='par_1_6' title="bbox 919 1265 945 1281">
     <span class='ocr_line' id='line_1_17' title="bbox 919 1265 945 1281; baseline 0 0"><span class='ocrx_word' id='word_1_119' title='bbox 919 1265 945 1281; x_wconf 75' lang='lat' dir='ltr'>m</span> 
     </span>
    </p>
   </div>
   <div class='ocr_carea' id='block_1_7' title="bbox 530 1293 1802 1604">
    <p class='ocr_par' dir='ltr' id='par_1_7' title="bbox 530 1293 1802 1604">
     <span class='ocr_line' id='line_1_18' title="bbox 530 1293 1801 1347; baseline 0.002 -16"><span class='ocrx_word' id='word_1_120' title='bbox 530 1296 691 1347; x_wconf 80' lang='lat' dir='ltr'>prorsus</span> <span class='ocrx_word' id='word_1_121' title='bbox 738 1294 799 1334; x_wconf 77' lang='lat' dir='ltr'>vti</span> <span class='ocrx_word' id='word_1_122' title='bbox 854 1295 1023 1337; x_wconf 75' lang='lat' dir='ltr'>illustris</span> <span class='ocrx_word' id='word_1_123' title='bbox 1073 1293 1230 1335; x_wconf 63' lang='lat' dir='ltr'>Auctor</span> <span class='ocrx_word' id='word_1_124' title='bbox 1273 1294 1486 1347; x_wconf 86' lang='lat' dir='ltr'>superioris</span> <span class='ocrx_word' id='word_1_125' title='bbox 1519 1293 1801 1333; x_wconf 70' lang='lat' dir='ltr'>dissertationis</span> 
     </span>
     <span class='ocr_line' id='line_1_19' title="bbox 531 1354 1801 1410; baseline -0.002 -12"><span class='ocrx_word' id='word_1_126' title='bbox 531 1356 840 1409; x_wconf 79' lang='lat' dir='ltr'>ingeniosissime</span> <span class='ocrx_word' id='word_1_127' title='bbox 868 1372 919 1405; x_wconf 78' lang='lat' dir='ltr'>ex</span> <span class='ocrx_word' id='word_1_128' title='bbox 952 1360 1030 1400; x_wconf 85' lang='lat' dir='ltr'>suis</span> <span class='ocrx_word' id='word_1_129' title='bbox 1065 1357 1273 1410; x_wconf 78' lang='lat' dir='ltr'>principiis</span> <span class='ocrx_word' id='word_1_130' title='bbox 1309 1357 1503 1397; x_wconf 78' lang='lat' dir='ltr'>conclusit</span> <span class='ocrx_word' id='word_1_131' title='bbox 1524 1387 1534 1406; x_wconf 76' lang='grc'>,</span> <span class='ocrx_word' id='word_1_132' title='bbox 1568 1365 1685 1409; x_wconf 80' lang='lat' dir='ltr'>atque</span> <span class='ocrx_word' id='word_1_133' title='bbox 1725 1354 1801 1398; x_wconf 81' lang='lat' dir='ltr'>hoc</span> 
     </span>
     <span class='ocr_line' id='line_1_20' title="bbox 533 1418 1800 1474; baseline -0.002 -12"><span class='ocrx_word' id='word_1_134' title='bbox 533 1421 740 1462; x_wconf 75' lang='lat' dir='ltr'>obseruate</span> <span class='ocrx_word' id='word_1_135' title='bbox 769 1421 879 1463; x_wconf 81' lang='lat' dir='ltr'>facile</span> <span class='ocrx_word' id='word_1_136' title='bbox 912 1425 988 1463; x_wconf 89' lang='lat' dir='ltr'>erit</span> <span class='ocrx_word' id='word_1_137' title='bbox 1023 1420 1354 1474; x_wconf 83' lang='lat' dir='ltr'>pulcherrimum</span> <span class='ocrx_word' id='word_1_138' title='bbox 1407 1421 1639 1460; x_wconf 78' lang='lat' dir='ltr'>consensum</span> <span class='ocrx_word' id='word_1_139' title='bbox 1693 1418 1800 1459; x_wconf 80' lang='lat' dir='ltr'>inter</span> 
     </span>
     <span class='ocr_line' id='line_1_21' title="bbox 532 1480 1802 1539; baseline -0.001 -16"><span class='ocrx_word' id='word_1_140' title='bbox 532 1494 752 1539; x_wconf 57' lang='lat' dir='ltr'>Vtramque</span> <span class='ocrx_word' id='word_1_141' title='bbox 788 1485 1031 1527; x_wconf 85' lang='lat' dir='ltr'>solutionem</span> <span class='ocrx_word' id='word_1_142' title='bbox 1064 1486 1305 1536; x_wconf 84' lang='lat' dir='ltr'>agnoscere,</span> <span class='ocrx_word' id='word_1_143' title='bbox 1335 1483 1496 1525; x_wconf 80' lang='lat' dir='ltr'>etiamsi</span> <span class='ocrx_word' id='word_1_144' title='bbox 1529 1495 1581 1525; x_wconf 81' lang='lat' dir='ltr'>ex</span> <span class='ocrx_word' id='word_1_145' title='bbox 1614 1480 1802 1526; x_wconf 75' lang='lat' dir='ltr'>diuersis·</span> 
     </span>
     <span class='ocr_line' id='line_1_22' title="bbox 531 1545 1346 1604; baseline 0 -15"><span class='ocrx_word' id='word_1_146' title='bbox 531 1545 643 1589; x_wconf 84' lang='lat' dir='ltr'>fimis</span> <span class='ocrx_word' id='word_1_147' title='bbox 679 1548 890 1604; x_wconf 83' lang='lat' dir='ltr'>principiis</span> <span class='ocrx_word' id='word_1_148' title='bbox 921 1548 1058 1589; x_wconf 78' lang='lat' dir='ltr'>ambae</span> <span class='ocrx_word' id='word_1_149' title='bbox 1093 1548 1168 1589; x_wconf 84' lang='lat' dir='ltr'>sint</span> <span class='ocrx_word' id='word_1_150' title='bbox 1201 1556 1346 1589; x_wconf 82' lang='lat' dir='ltr'>erutae.</span> 
     </span>
    </p>
   </div>
   <div class='ocr_carea' id='block_1_8' title="bbox 641 1650 1692 1734">
    <p class='ocr_par' dir='ltr' id='par_1_8' title="bbox 641 1650 1692 1734">
     <span class='ocr_line' id='line_1_23' title="bbox 641 1650 1692 1734; baseline -0.005 -20"><span class='ocrx_word' id='word_1_151' title='bbox 641 1651 927 1734; x_wconf 83' lang='lat' dir='ltr'>Digreffio</span> <span class='ocrx_word' id='word_1_152' title='bbox 970 1654 1039 1712; x_wconf 82' lang='lat' dir='ltr'>ad</span> <span class='ocrx_word' id='word_1_153' title='bbox 1086 1654 1451 1713; x_wconf 81' lang='lat' dir='ltr'>oscillationes</span> <span class='ocrx_word' id='word_1_154' title='bbox 1495 1650 1692 1711; x_wconf 81' lang='lat' dir='ltr'>finitas.</span> 
     </span>
    </p>
   </div>
   <div class='ocr_carea' id='block_1_9' title="bbox 531 1762 1800 2077">
    <p class='ocr_par' dir='ltr' id='par_1_9' title="bbox 531 1762 1800 2077">
     <span class='ocr_line' id='line_1_24' title="bbox 681 1762 1798 1822; baseline -0.003 -14"><span class='ocrx_word' id='word_1_155' title='bbox 681 1768 714 1819; x_wconf 64' lang='grc' dir='ltr'>ξ.</span> <span class='ocrx_word' id='word_1_156' title='bbox 756 1778 822 1815; x_wconf 92' lang='lat'>19.</span> <span class='ocrx_word' id='word_1_157' title='bbox 859 1766 974 1809; x_wconf 84' lang='lat' dir='ltr'>Hanc</span> <span class='ocrx_word' id='word_1_158' title='bbox 1009 1767 1279 1822; x_wconf 83' lang='lat' dir='ltr'>quaestionem</span> <span class='ocrx_word' id='word_1_159' title='bbox 1316 1766 1510 1811; x_wconf 77' lang='lat' dir='ltr'>methodo</span> <span class='ocrx_word' id='word_1_160' title='bbox 1541 1762 1798 1807; x_wconf 82' lang='lat' dir='ltr'>Bernoullia-</span> 
     </span>
     <span class='ocr_line' id='line_1_25' title="bbox 531 1831 1800 1885; baseline -0.002 -16"><span class='ocrx_word' id='word_1_161' title='bbox 531 1842 580 1875; x_wconf 76' lang='lat' dir='ltr'>na</span> <span class='ocrx_word' id='word_1_162' title='bbox 616 1841 665 1869; x_wconf 91' lang='lat' dir='ltr'>ne</span> <span class='ocrx_word' id='word_1_163' title='bbox 702 1839 855 1870; x_wconf 84' lang='lat' dir='ltr'>tentare</span> <span class='ocrx_word' id='word_1_164' title='bbox 888 1831 1052 1883; x_wconf 88' lang='lat' dir='ltr'>quidem</span> <span class='ocrx_word' id='word_1_165' title='bbox 1112 1831 1234 1881; x_wconf 88' lang='lat' dir='ltr'>licet,</span> <span class='ocrx_word' id='word_1_166' title='bbox 1284 1831 1419 1885; x_wconf 86' lang='lat' dir='ltr'>prima</span> <span class='ocrx_word' id='word_1_167' title='bbox 1474 1838 1610 1871; x_wconf 82' lang='lat' dir='ltr'>autem</span> <span class='ocrx_word' id='word_1_168' title='bbox 1664 1838 1800 1871; x_wconf 78' lang='lat' dir='ltr'>motus</span> 
     </span>
     <span class='ocr_line' id='line_1_26' title="bbox 531 1893 1800 1951; baseline -0.001 -18"><span class='ocrx_word' id='word_1_169' title='bbox 531 1893 729 1951; x_wconf 76' lang='lat' dir='ltr'>principia</span> <span class='ocrx_word' id='word_1_170' title='bbox 765 1895 846 1934; x_wconf 85' lang='lat' dir='ltr'>iam</span> <span class='ocrx_word' id='word_1_171' title='bbox 882 1894 1004 1938; x_wconf 90' lang='lat' dir='ltr'>initio</span> <span class='ocrx_word' id='word_1_172' title='bbox 1038 1906 1117 1936; x_wconf 86' lang='lat' dir='ltr'>tres</span> <span class='ocrx_word' id='word_1_173' title='bbox 1164 1895 1276 1938; x_wconf 85' lang='lat' dir='ltr'>nobis</span> <span class='ocrx_word' id='word_1_174' title='bbox 1325 1895 1681 1950; x_wconf 80' lang='lat' dir='ltr'>suppeditauerunt</span> <span class='ocrx_word' id='word_1_175' title='bbox 1728 1904 1800 1934; x_wconf 82' lang='lat' dir='ltr'>ae·-</span> 
     </span>
     <span class='ocr_line' id='line_1_27' title="bbox 533 1957 1798 2015; baseline 0 -18"><span class='ocrx_word' id='word_1_176' title='bbox 533 1958 756 2015; x_wconf 79' lang='lat' dir='ltr'>quationes‚</span> <span class='ocrx_word' id='word_1_177' title='bbox 786 1957 928 2010; x_wconf 89' lang='lat' dir='ltr'>quibus</span> <span class='ocrx_word' id='word_1_178' title='bbox 963 1958 1081 2013; x_wconf 85' lang='lat' dir='ltr'>plena</span> <span class='ocrx_word' id='word_1_179' title='bbox 1117 1959 1240 2002; x_wconf 82' lang='lat' dir='ltr'>huius</span> <span class='ocrx_word' id='word_1_180' title='bbox 1271 1959 1505 2013; x_wconf 83' lang='lat' dir='ltr'>quaestionis</span> <span class='ocrx_word' id='word_1_181' title='bbox 1537 1957 1686 1999; x_wconf 88' lang='lat' dir='ltr'>solutio</span> <span class='ocrx_word' id='word_1_182' title='bbox 1702 1967 1798 1997; x_wconf 83' lang='lat' dir='ltr'>con·</span> 
     </span>
     <span class='ocr_line' id='line_1_28' title="bbox 534 2021 1015 2077; baseline 0.012 -17"><span class='ocrx_word' id='word_1_183' title='bbox 534 2021 716 2072; x_wconf 78' lang='lat' dir='ltr'>tinctor,</span> <span class='ocrx_word' id='word_1_184' title='bbox 749 2033 850 2075; x_wconf 82' lang='lat' dir='ltr'>quae</span> <span class='ocrx_word' id='word_1_185' title='bbox 885 2022 1015 2077; x_wconf 82' lang='lat' dir='ltr'>posito</span> 
     </span>
    </p>
   </div>
   <div class='ocr_carea' id='block_1_10' title="bbox 599 2086 1798 2224">
    <p class='ocr_par' dir='ltr' id='par_1_10' title="bbox 599 2086 1798 2224">
     <span class='ocr_line' id='line_1_29' title="bbox 599 2086 1798 2151; baseline 0.001 -13"><span class='ocrx_word' id='word_1_186' title='bbox 599 2098 800 2138; x_wconf 74' lang='lat' dir='ltr'>xzacos.</span> <span class='ocrx_word' id='word_1_187' title='bbox 814 2092 1091 2151; x_wconf 60' lang='lat' dir='ltr'>9—1-bcofisp</span> <span class='ocrx_word' id='word_1_188' title='bbox 1124 2105 1166 2141; x_wconf 85' lang='lat' dir='ltr'>et</span> <span class='ocrx_word' id='word_1_189' title='bbox 1184 2086 1798 2150; x_wconf 50' lang='lat' dir='ltr'>yzafinB—i-bfinxp‘erant</span> 
     </span>
     <span class='ocr_line' id='line_1_30' title="bbox 1758 2179 1794 2224; baseline 0 0"><span class='ocrx_word' id='word_1_190' title='bbox 1758 2179 1794 2224; x_wconf 81' lang='grc' dir='ltr'>Ι.</span> 
     </span>
    </p>
   </div>
  </div>
 </body>
</html>
