1987 2600
210 161 424 208 LVNAE
458 156 687 204 EVLERI
722 159 802 202 ET
835 158 970 203 TAB.
997 158 1248 206 MAYEm.
1289 165 1378 213 567

116 288 184 320 tur
216 278 508 321 consentientes
532 307 544 328 ,
575 286 697 328 quam
732 273 966 316 Eztlerianae.
1036 275 1122 316 Hoc
1157 276 1267 316 enim
1294 287 1386 328 pro-

117 344 160 383 be
193 341 520 384 considerandum
557 340 643 391 est,
677 338 808 379 Celeb.
847 340 1057 391 Mayerum
1090 341 1174 381 suas
1220 339 1390 380 Tabulas

117 419 198 447 non
231 419 282 447 ex
315 405 490 446 Theoria
523 414 685 445 tantum
720 401 894 445 elicuisse
917 434 928 454 ‚
979 403 1038 444 sed
1074 403 1215 445 iisdem
1262 403 1393 444 varias

116 480 159 511 et
193 470 362 522 insignes
395 468 661 511 correctiones
697 478 750 507 ex
798 468 1141 510 obseruationibus
1193 466 1394 509 deriuatas

119 534 353 588 adplicaffe3
424 544 545 585 quare
591 530 788 582 infignem
838 531 920 572 sine
969 534 1091 574 dubio
1143 531 1391 573 obseruatio-

116 611 218 638 num
253 608 473 639 nurnerum
509 594 786 642 consulendo,
834 609 908 648 pro
955 598 1111 649 quibus.
1155 606 1395 647 argumenta

118 661 456 712 inaequalitatum
491 658 684 712 plurimis
716 659 990 700 diuersiffimis
1028 660 1159 701 modis
1200 658 1395 700 habeban-

118 734 183 764 tur
222 723 476 772 combinata,
510 724 606 763 dum
645 733 722 773 pro
751 722 896 763 casibus
931 721 993 763 his
1025 736 1045 763 a
1069 724 1103 763 se
1123 722 1396 773 consideratis,

119 789 174 830 ita
209 786 380 828 Tabulas
411 788 492 827 suas
526 786 728 836 corrigere
765 786 895 826 valuit
917 819 929 838 ‚
963 799 1009 828 vt
1041 799 1136 826 cum
1172 786 1285 826 coelo
1306 799 1397 838 pro-

118 850 164 893 be
218 850 514 900 consentirent;
566 849 719 890 mirum
774 851 945 891 omnino
996 863 1073 890 non
1127 849 1205 888 erit
1258 849 1286 890 fi
1322 861 1399 901 pro

123 915 212 956 aliis
247 914 588 956 obseruationibus
619 925 696 953 non
735 915 914 954 multum
953 912 1177 955 abludentes
1212 924 1232 951 a
1285 914 1393 954 veri-

124 989 203 1020 tate
239 979 502 1033 reperiantur.
580 975 752 1018 Tabulas
785 991 884 1019 vero
919 977 1093 1018 lllussris
1133 975 1261 1017 Euleri
1293 975 1400 1030 quod

125 1044 300 1093 attinet,
345 1054 411 1083 eae
444 1044 523 1084 fere
559 1040 656 1082 tales
690 1044 778 1081 sunt
802 1072 812 1092 ‚
864 1040 1002 1093 quales
1036 1053 1104 1095 per
1147 1052 1397 1094 computum

126 1106 327 1146 Theoriae
377 1105 694 1160 superstructum
746 1104 967 1155 deductae,
1015 1116 1138 1157 quare
1190 1102 1220 1143 fi
1275 1103 1399 1144 simili

125 1169 250 1209 modo
284 1179 327 1208 ac
369 1169 620 1218 Mayerianae
672 1180 744 1220 per
796 1170 1089 1210 obseruationes
1142 1170 1399 1220 corrigantur

122 1240 163 1271 et
194 1230 459 1271 emendentur
481 1262 491 1279 ‚
525 1241 606 1269 non
638 1229 867 1269 dubitamus
902 1233 999 1283 quin.
1035 1231 1248 1284 aliquando
1283 1245 1398 1285 prae-

122 1294 280 1337 stiturae
331 1294 408 1334 sint
460 1293 778 1334 exastitudinern
830 1305 932 1348 quae
992 1292 1069 1337 hoc
1131 1295 1177 1335 in
1236 1296 1404 1349 negotio

126 1358 367 1401 desideratur
388 1387 399 1409 ,
433 1356 671 1397 maximam.

1158 2184 1405 2235 ECLlPSIS
