1987 2600
217 158 319 203 AN.
359 166 491 210 177³·
528 154 839 200 PETROPOL.
876 153 1261 202 INSTITVTAE.
1301 168 1392 215 629

279 276 328 318 In
383 272 690 329 expressionibus
743 275 856 328 supra
909 274 1037 318 allatiS
1090 287 1163 329 pro
1212 282 1394 331 tempore

125 341 422 382 eoniunffionis
458 340 593 380 Lunae
626 350 723 377 cum
773 337 998 388 Palilicio5
1033 352 1127 392 quas
1176 350 1226 381 ex
1280 354 1395 383 men-

124 406 223 446 suris
256 405 530 447 distantiarum
586 403 830 451 elicuimus,
884 405 1084 456 quantitas
1137 400 1162 443 δ
1216 405 1395 446 inuoluit

124 480 204 510 non
239 466 366 510 solum
397 467 692 508 correctionem
728 467 1030 509 semidiametro
1062 467 1198 509 Lunae
1221 469 1398 512 tribuen-

122 533 250 583 dam,
298 532 360 576 sed
415 533 536 573 etiam
593 530 892 573 correfflonem
929 544 1006 586 qua
1043 543 1299 586 vnaquaeque
1333 536 1398 576 di-

123 598 261 639 stantia
296 611 316 639 a
352 597 482 638 limbo
513 594 719 635 obseruata
765 608 869 649 opus
919 596 1060 638 habere
1111 598 1296 651 poterit,
1345 612 1397 642 ex

121 674 204 714 quo
238 660 486 711 intelligitur
520 660 783 713 quantitatem
819 659 919 702 hanc
954 657 980 700 δ
1016 673 1095 715 pro
1125 663 1292 704 diuersis
1325 665 1398 705 ob·

118 723 439 773 seruation'ibus,
491 722 607 764 valde
656 724 833 765 diuersos
885 724 1040 766 valores
1089 726 1224 767 sortiri
1260 727 1399 780 poffe3

119 790 258 830 sumto
334 798 472 831 autem
540 787 679 828 medio
741 787 1014 840 plurimarum
1068 790 1398 833 obseruationum

117 849 370 894 confidimus
419 854 534 902 fore,
588 861 635 891 vt
678 851 944 893 comestiones
977 851 1071 905 ipsis
1106 855 1301 895 mensuris
1333 857 1397 896 di-

122 916 359 959 stantiarum
393 916 618 956 tribuendae
656 917 846 968 proxime
881 919 917 958 se
958 916 1190 969 destruant,
1240 920 1399 973 solaque

123 991 334 1024 remaneat
367 981 569 1022 correffio
611 980 902 1022 semidiametri
955 980 1122 1035 Lunae,
1175 981 1314 1024 saltem
1368 982 1415 1031 st,

122 1043 413 1088 obseruationes
445 1045 715 1088 instrumento
747 1047 864 1088 omni
896 1048 1034 1099 rigore
1068 1047 1279 1089 verificato
1333 1047 1399 1088 in-

122 1109 282 1151 stitutae
336 1109 427 1151 fint.
510 1111 728 1154 Caeterum
783 1111 890 1164 quod
939 1111 1157 1152 nonnullae
1190 1111 1399 1153 distantia-

122 1183 220 1213 rum
273 1176 479 1212 mensurae
524 1189 546 1216 a
597 1176 706 1215 nobis
742 1186 884 1229 captae
917 1175 958 1215 in
995 1175 1142 1216 maiori
1178 1187 1300 1229 quam
1342 1189 1398 1220 20

119 1234 381 1279 secundorum
424 1236 575 1277 fuerint
627 1247 798 1286 errore,
840 1238 1044 1290 nubibus,
1091 1240 1235 1293 quibus
1285 1239 1399 1281 Luna

121 1298 264 1355 paffim
300 1298 505 1349 tegebatur
538 1298 852 1342 adscribendum.
946 1300 1088 1342 Immo
1119 1302 1146 1342 fi
1196 1304 1278 1345 duo
1328 1313 1400 1345 aut

123 1372 299 1418 quatuor
347 1360 496 1401 harum
564 1362 889 1404 obseruationum
958 1367 1199 1417 seponantur
1228 1397 1241 1418 ‚
1303 1367 1402 1409 reli-

123 1439 298 1477 quarum
358 1426 565 1465 consensus
621 1435 753 1466 tantus
810 1425 893 1476 est,
959 1435 1006 1465 vt
1076 1428 1161 1468 iure
1220 1431 1399 1472 dubitare

122 1492 274 1540 liceat,
323 1502 372 1530 an
430 1491 629 1530 mensurae
682 1489 965 1531 distantiarum
1021 1490 1296 1532 micrometris
1328 1506 1399 1533 or·-

127 1556 293 1599 dinatiis
332 1563 474 1608 captae
514 1554 561 1596 ad
613 1565 766 1596 tantam
817 1554 1045 1608 pertingere
1093 1566 1235 1610 queant
1283 1568 1400 1611 prae-

124 1621 336 1693 cifionem.

278 1749 583 1793 Obseruationes
617 1750 898 1794 distantiarum
935 1751 955 1793 1
990 1761 1029 1793 et
1070 1750 1110 1793 11
1147 1747 1165 1792 Θ
1199 1752 1325 1793 Tauri
1378 1764 1400 1794 a

131 1812 261 1854 limbo
296 1815 465 1865 Lunae,
512 1829 712 1868 computo
747 1818 933 1858 subiicere
970 1818 1104 1856 minus
1138 1817 1398 1858 necessarium

128 1878 228 1918 duxi
252 1909 263 1927 ,
317 1878 465 1932 quippe
498 1891 627 1933 quum
664 1879 737 1921 hae
775 1881 981 1922 mensurae
1015 1892 1149 1934 captae
1185 1879 1262 1920 sint
1297 1893 1401 1934 pro-

131 1955 181 1996 pe
213 1943 259 1983 ad
292 1943 594 1985 coniunstiones
627 1954 860 1997 apparentes
898 1945 1042 1983 harum
1080 1944 1258 1985 fixarum
1303 1958 1399 1986 cum

129 2006 242 2047 Luna
267 2036 279 2056 ,
331 2019 449 2058 quate
501 2020 553 2049 ex
590 2008 668 2048 istis
699 2008 1038 2048 obseruationibus
1072 2009 1204 2062 ipsum
1242 2019 1401 2063 tempus

128 2069 423 2113 coniunc‘ti0ni5
455 2072 593 2114 Lunae
624 2085 716 2113 cum
755 2073 818 2122 his
853 2071 973 2113 stellis
1007 2070 1101 2114 fixis
1155 2073 1294 2113 minus
1347 2076 1402 2114 se-

711 2136 747 2178 1<
768 2136 793 2177 k
813 2137 837 2178 k
858 2136 885 2178 k
919 2149 943 2187 3
1267 2136 1403 2180 liciter
