1987 2600
233 159 333 204 AN.
374 167 510 212 1773..
544 154 857 205 PETROPOL.
895 158 1279 209 INSTITVTAE.
1318 173 1406 215 621

205 270 382 315 Coelum
404 275 562 326 sudum,
581 274 641 316 sed
662 274 779 316 Luna
797 274 919 330 pleno
937 276 1063 332 splen·
1098 278 1246 334 Temp.
1283 292 1383 325 vero

143 336 242 379 dore
273 338 459 389 fulgebat.

208 420 370 477 Emerfio
404 422 440 465 Ι.
477 420 673 465 Satellitis
707 424 769 467 die
800 426 849 474 ἐξ.
883 423 1076 468 Decemb.

143 497 310 544 Sateltes
342 510 549 551 emergere
582 499 692 540 visus
832 520 859 529 -
998 522 1019 532 -
1135 515 1179 553 4.
1214 516 1282 545 10.
1309 511 1366 551 57

145 561 324 606 Lumine
357 565 548 605 inclaruit
639 584 660 593 -·
759 585 780 595 -
879 585 898 592 -
995 586 1014 595 -
1211 579 1280 608 11.
1300 578 1363 616 42

145 627 235 669 Vix
270 628 403 670 vlium
437 625 609 671 luminis
645 625 946 673 incrementum
982 628 1114 670 obser-

208 694 294 729 vari
330 692 458 745 potest
575 711 595 720 -
712 713 734 722 ·
853 714 870 723 -
1004 715 1024 723 -
1220 706 1288 736 12.
1310 705 1371 744 34

145 749 385 796 Obseruatio
418 764 464 797 vt
495 753 704 796 videbatur
734 753 847 800 bona.

194 872 458 948 Equfitio
495 874 669 928 calculi
694 890 788 942 pro
829 875 1151 928 conizmfflone
1193 876 1368 929 Lunae

430 957 534 993 cum
570 940 797 992 Palilicio
834 942 907 991 die
1014 946 1136 1002 ἕξπῖξῆὂ,

298 1035 347 1078 In
381 1034 650 1077 dissertatione
683 1036 730 1076 de
786 1032 939 1087 lelchpfi
991 1035 1096 1075 Solis
1145 1032 1271 1073 huius
1323 1031 1418 1073 anni

151 1107 271 1148 1773
293 1127 306 1148 ‚
343 1099 592 1141 Methodum
630 1099 833 1152 exposui,
867 1109 943 1152 qua
978 1098 1270 1139 obseruationes
1307 1096 1418 1137 Ecli-

143 1160 280 1214 pfium
316 1162 420 1201 Solis
450 1163 539 1204 satis
584 1165 768 1216 expedite
818 1164 1048 1213 computari
1101 1162 1289 1216 ponunt,
1336 1159 1419 1201 leui

144 1233 284 1264 autem
337 1225 564 1264 mutatione
617 1226 713 1262 haec
766 1226 988 1264 Metnouus
1036 1237 1194 1279 quoque
1240 1221 1421 1265 adhiberi

146 1289 334 1342 poterit,
385 1288 432 1327 ad
487 1287 777 1340 computandas
826 1288 1116 1329 occultationes
1164 1288 1339 1329 fixarum
1396 1299 1420 1328 a

146 1350 294 1402 Luna,
347 1351 417 1390 vcl
450 1351 576 1390 etiarn
612 1360 869 1400 quascunque
900 1363 1040 1390 earum
1075 1364 1095 1391 a
1129 1349 1242 1392 Luna
1276 1352 1421 1392 distan-

147 1415 233 1454 tias.
302 1413 478 1452 Interim
516 1421 647 1465 quum
684 1409 776 1450 haec
816 1411 1032 1452 Methodus
1068 1415 1155 1452 ideo
1177 1418 1301 1454 forsan
1323 1414 1418 1467 qui-

146 1475 310 1518 busdam
350 1477 484 1516 minus
523 1478 682 1528 probata
714 1474 823 1515 reddi
863 1471 1008 1527 poffit,
1055 1477 1161 1527 quod
1197 1477 1236 1515 in
1270 1489 1311 1516 ea
1348 1488 1421 1516 re·

149 1550 364 1596 quiratur,
396 1550 442 1581 vt
473 1538 642 1581 ascensio
677 1538 779 1578 reeta
815 1538 953 1579 Lunae
989 1552 1061 1592 pro
1095 1539 1260 1590 fingulis
1293 1538 1419 1580 obier-

148 1606 376 1646 vationibus
406 1605 453 1645 ad
484 1615 579 1656 quas
613 1601 789 1643 calculus
844 1604 1093 1654 adplicatur,
1144 1602 1420 1656 exploretur,

147 1668 254 1722 quod
288 1667 553 1709 Elementum
588 1666 767 1719 alioquin
803 1667 843 1709 in
878 1667 967 1707 aliis
1002 1667 1213 1707 Methodici·
1249 1677 1294 1707 vt
1347 1679 1419 1706 co·

147 1733 314 1786 gnitum
348 1733 516 1784 supponi
553 1743 633 1772 non
670 1728 800 1779 tole13
833 1730 914 1770 iam
955 1742 1103 1771 nouam
1140 1730 1421 1783 propositurus

148 1799 238 1838 sum
277 1795 472 1836 rationem
523 1794 757 1836 huiusmodi
809 1804 1030 1848 computos
1077 1794 1272 1842 ineundi,
1319 1805 1421 1846 quae

149 1859 211 1902 illi
236 1891 248 1909 ‚
297 1871 419 1911 quam
455 1858 496 1898 in
529 1861 651 1901 modo
703 1859 806 1900 dieta
863 1859 1148 1900 Differtatione
1196 1859 1422 1911 proposui,

148 1922 341 1967 facilitate
376 1921 448 1963 vix
481 1922 699 1975 quidquam
743 1922 845 1963 cedit
868 1949 881 1971 ,
928 1933 1211 1975 caeterumque
1260 1926 1421 1963 summa

148 1990 186 2030 se
240 1985 499 2027 commendat
547 1986 831 2028 exactitudine.
931 1988 990 2028 Sit
1045 1983 1137 2028 PZ
1177 1987 1423 2028 meridianus

152 2051 271 2103 loci,
304 2051 345 2090 in
378 2062 463 2104 quo
493 2050 713 2093 obseruatio
749 2047 925 2091 instituta
963 2050 1037 2100 est,
1069 2050 1097 2090 P
1132 2050 1250 2104 polus
1281 2062 1418 2103 aequa-

153 2117 284 2167 toris‚
317 2112 356 2157 Z
388 2113 587 2172 punctum
621 2116 666 2160 i'n
698 2126 782 2170 quo
813 2114 920 2156 reeta
957 2124 1028 2169 per
1061 2122 1253 2156 centrum
1296 2111 1423 2155 tellu-

717 2176 839 2223 liii
874 2186 899 2230 3
1368 2182 1424 2221 ris

1449 1993 1535 2030 Tab.
1562 1995 1615 2031 IX.

1449 2047 1521 2091 Fsg.
1545 2057 1579 2092 4.
