1987 2600
556 194 646 242 504-
888 184 1230 231 DESCRIPTIO
1276 182 1445 230 PISCIS
1469 183 1482 237 ‚'

554 302 639 343 rior
672 298 872 352 superiore
904 297 1045 352 paullo
1076 297 1238 350 longior
1259 330 1270 351 ,
1319 308 1456 352 aperto
1509 306 1644 339 autem
1694 301 1805 356 supet

550 364 714 406 eandem
749 361 974 403 notabiliter
1007 363 1251 414 exporrecta.
1337 361 1488 408 Oculi,
1542 374 1615 414 pro
1651 367 1810 414 magni,

552 425 687 468 tudine
723 425 838 478 piscis
860 455 871 476 ‚
922 426 1110 478 inprimis
1143 436 1237 466 vero
1269 427 1408 477 capmis
1453 425 1634 473 rariore,
1684 436 1813 476 gran-

546 489 625 529 des.
689 486 768 528 Iris
798 490 977 540 argentei
1010 487 1167 528 coloris.
1234 485 1488 540 Opcrculum
1523 489 1587 528 bra
1604 488 1807 530 “chiarum

549 553 673 593 tribus
705 551 877 592 constare
913 551 1017 594 mihi
1054 551 1257 592 videbatur
1293 550 1450 591 laminis
1472 581 1483 601 ,
1530 563 1699 603 quarum
1735 553 1806 593 su-

548 616 684 670 perior
719 615 894 656 maxima
914 644 926 664 ,
959 617 1124 669 superne
1157 615 1366 655 rotundata
1386 643 1397 663 ,
1450 615 1601 656 inferne
1635 615 1809 656 subacu-

548 689 586 718 ta
608 707 620 728 ,
653 680 780 719 media
817 681 952 720 minor
974 709 986 727 ‚
1025 678 1318 719 acinaciformis
1352 681 1376 717 i.
1411 677 1579 717 cultrata
1602 710 1612 726 ,
1663 678 1806 720 infima

546 753 646 782 vero
681 742 885 791 minima,
917 743 1224 793 antrorsumque
1257 744 1494 781 acuminata.
1542 741 1715 791 <Margo
1749 742 1808 780 in-

546 805 662 856 super
696 805 879 857 operculi
912 805 1197 847 branchiarum
1218 833 1230 854 ‚
1278 807 1325 845 ad
1361 813 1590 854 aperturam
1644 802 1806 844 firmius

544 868 806 908 claudendam
830 898 841 916 ,
879 869 1107 909 membrana
1142 867 1293 909 auctus.
1373 864 1549 906 Officuli
1595 866 1804 905 membra-

544 942 614 969 nae
662 931 979 981 branchiostegae
1028 934 1190 983 septem.
1292 928 1434 970 Hiatus
1488 926 1770 969 branchiarum
1800 955 1814 977 ‚

542 992 738 1049 operculo
770 994 934 1035 diduc‘to
954 1022 966 1043 ‚
998 992 1276 1044 ampliffiiuus.

691 1069 1236 1125 Dorsum‘subconuexum‚
1285 1086 1376 1117 ante
1426 1075 1591 1130 pinnam
1645 1078 1805 1119 dorsua-

542 1139 623 1180 lem
681 1153 781 1181 vero
833 1141 875 1179 in
926 1152 1096 1180 acumen
1137 1140 1280 1181 elatius
1311 1140 1496 1181 desinens,
1591 1139 1803 1182 Abdomen

542 1205 644 1246 circa
678 1206 816 1257 pinnas
847 1202 1065 1256 pe&or;iles
1098 1214 1350 1249 connexum,
1384 1204 1431 1242 ad
1467 1203 1605 1252 pinnas
1638 1214 1802 1242 ventra-

541 1266 598 1306 les
633 1270 710 1306 fere
744 1268 944 1318 planum,
976 1267 1078 1304 circa
1112 1275 1235 1303 auum
1270 1265 1415 1301 iterum
1449 1273 1710 1312 conuexum,
1739 1265 1803 1302 in-

543 1336 602 1369 ter
649 1329 793 1381 pinnae
845 1326 911 1366 ani
963 1325 1088 1365 finem
1143 1332 1184 1364 et
1234 1326 1377 1365 caudae
1420 1324 1666 1377 principium
1702 1338 1802 1369 vero

541 1389 857 1443 planiusculum.

691 1467 822 1507 Prona
860 1466 1040 1519 corporis
1074 1465 1184 1506 facies
1215 1477 1236 1504 e
1271 1465 1524 1508 viridescenti
1559 1464 1803 1516 fusca,eius-

539 1542 615 1584 que
648 1528 768 1569 latera
800 1531 974 1581 argentei
1010 1529 1236 1582 splendoris·

689 1610 885 1663 squamae
929 1619 1093 1659 tenues⁷
1144 1608 1434 1657 subrotundae‚
1486 1609 1695 1660 integrae,
1748 1609 1800 1648 sat

540 1674 656 1714 dense
708 1674 978 1728 constipatae,
1025 1685 1046 1712 a
1094 1684 1263 1726 corpore
1318 1681 1453 1712 tamen
1499 1673 1613 1714 facile
1647 1675 1799 1725 separa-

540 1735 651 1776 biles.

694 1811 815 1853 Linea
849 1809 1184 1861 longitudinaiis,
1233 1810 1278 1850 ab
1310 1817 1402 1850 ortu
1439 1810 1506 1850 suo
1547 1809 1593 1849 ad
1646 1807 1801 1857 aiiquot

545 1874 741 1914 linearum
775 1874 998 1914 distantiam
1034 1875 1174 1914 ieuiter
1220 1883 1375 1913 tantum
1426 1874 1609 1914 deorsum
1666 1873 1800 1923 flexa,

545 1937 656 1979 recto
689 1935 827 1976 abhinc
863 1937 1023 1976 tramite
1058 1937 1097 1976 in
1143 1937 1306 1976 caudam
1360 1948 1485 1987 vsque
1534 1939 1766 1977 excurrebat
1789 1964 1802 1985 ‚

541 2000 654 2038 dorso
674 2027 685 2047 ,
718 2009 839 2050 quam
874 2001 1041 2050 ventri,
1070 2001 1244 2051 vndique
1279 1999 1459 2052 propior.
1552 1999 1797 2040 pannorum

543 2061 609 2100 vel
643 2063 876 2102 tubulorum
912 2061 1118 2104 linearium
1145 2091 1156 2110 ,
1207 2062 1351 2101 lineam
1406 2061 1507 2103 hanc
1557 2064 1799 2105 constituen-

546 2122 650 2163 tium
676 2152 686 2161 .
721 2136 910 2155 ”muer-¹0
943 2125 1102 2168 rirciter
1133 2133 1234 2168 LXX
1269 2125 1315 2165 ad
1350 2133 1494 2171 LXXX.

1668 2185 1792 2228 Pinna
