1987 2600
446 134 820 211 nARMoNJAE
852 153 1176 207 PRINCIPIIS.
1358 164 1452 209 sas

169 315 530 368 vibrationes,soui
553 315 756 368 sequentes
774 325 817 366 a,
848 322 890 365 α,
922 324 964 364 α,
997 321 1037 358 α,
1067 306 1218 362 edent,
1251 320 1277 351 ι
1296 318 1335 358 n,
1369 315 1454 360 451,

176 390 198 429 8
223 395 261 434 n,
300 388 354 424 16
374 393 398 422 n
432 381 690 424 vibrationes,
1393 374 1395 376 ·

324 481 366 520 6.
404 477 545 519 Tertia
593 474 852 517 consonantia
905 470 1144 530 principalis
1194 471 1338 528 quinta
1387 469 1452 516 seu
1475 473 1616 524 Qxintn'

171 542 357 597 diapente
392 543 499 585 dic'ta
532 541 696 582 auribus
749 551 908 594 quoque
958 537 1231 581 suauiffimam
1282 538 1456 582 harmo-

176 609 287 648 niam
323 606 476 657 offiert,
525 604 683 646 etiamsi
719 605 808 645 eius
842 602 995 646 indoles
1031 615 1053 644 a
1102 614 1246 645 natura
1292 602 1459 646 oc'tauae

174 671 407 727 plurimum
438 669 613 710 diffident
633 695 645 715 ‚
678 677 797 720 atque
828 669 952 708 etiam
986 666 1149 708 facultas
1181 669 1282 710 hanc
1314 669 1459 712 conso-

173 731 354 774 nantiam
394 730 642 786 percipiendi
677 739 718 771 et
751 729 1006 782 dignoicendi
1030 761 1044 779 ,
1096 732 1299 775 maiorem
1331 745 1459 775 exet·

172 797 416 839 citationem
471 794 676 852 postulat,
725 795 831 837 vnde
883 793 1057 835 Tirones
1105 793 1323 847 diligenter
1371 798 1461 838 sunt

173 861 417 911 exercendi,
471 871 519 903 vt
567 860 671 900 hanc
721 858 1022 901 consonantiam
1072 858 1309 911 dignoscere
1343 870 1463 915 atquo

175 937 355 969 accurate
389 926 473 967 siue
503 937 602 966 voce
635 922 717 965 fiue
751 924 1029 966 instrumentis
1047 925 1227 979 proferre
1248 926 1460 968 addiscant.

177 991 317 1034 Caussa
365 1001 506 1032 autem
558 990 681 1031 huius
727 987 1009 1031 contonantiae
1064 989 1106 1030 in
1139 991 1298 1035 ratione
1330 990 1458 1045 triple

177 1058 408 1100 continetur
429 1085 442 1107 ‚
475 1067 576 1109 quae
608 1054 672 1097 vti
707 1055 791 1108 post
824 1053 1026 1095 rationem
1059 1052 1228 1107 duplam
1264 1055 1460 1097 facillime

179 1123 406 1176 percipitur
428 1150 440 1171 ,
492 1120 548 1161 ita
596 1119 720 1162 etiam
756 1120 917 1161 auribus
950 1117 1036 1171 post
1063 1117 1250 1161 octauam
1286 1117 1464 1173 gratiffi-

180 1199 292 1228 mam
328 1185 587 1226 harmoniam
623 1182 820 1235 exhibet;
874 1193 1004 1236 quum
1039 1193 1177 1225 autem
1213 1184 1318 1226 ratio
1358 1197 1376 1224 ι
1402 1197 1412 1224 :
1434 1193 1462 1234 0

179 1252 314 1294 maius
348 1249 615 1292 interuallum
652 1261 731 1289 vna
762 1247 903 1290 octaua
936 1245 1270 1300 complectatur,
1319 1246 1350 1288 st
1396 1249 1462 1290 so-

181 1329 258 1359 nus
291 1317 459 1369 grauior
491 1315 616 1357 fuerit
650 1314 691 1356 A
723 1323 763 1354 et
799 1323 975 1354 numero
1009 1311 1284 1355 vibrationum
1318 1323 1344 1353 n
1391 1313 1463 1355 de·

181 1380 362 1434 fignetur
383 1410 395 1431 ,
431 1381 463 1421 is
497 1382 613 1420 sonus
647 1377 720 1431 qui
750 1379 894 1420 eodem
931 1386 1120 1432 tempore
1158 1390 1183 1428 3
1207 1390 1231 1419 n
1266 1377 1466 1420 vibratio-

183 1457 252 1488 nes
302 1445 387 1486 edit
437 1445 595 1485 acutior
645 1442 723 1483 crit
774 1445 869 1483 iono
918 1453 943 1483 a
968 1471 981 1493 ‚
1030 1441 1093 1483 sed
1127 1452 1264 1485 tamen
1297 1442 1464 1496 grauior

182 1531 311 1574 quam
345 1531 403 1572 a,
455 1518 590 1571 sicque
623 1517 729 1558 inter
760 1515 872 1558 sonos
903 1527 931 1555 a
978 1523 1020 1555 et
1053 1529 1079 1558 a
1116 1514 1265 1557 incidet
1285 1544 1298 1565 ,
1345 1524 1466 1570 atque

180 1585 233 1627 {d
268 1582 392 1625 illum
424 1596 449 1624 α
483 1583 634 1624 tenebit
669 1579 935 1622 interuallum
969 1580 1155 1634 diapente
1188 1579 1343 1621 dictum
1365 1607 1379 1629 ,
1416 1579 1467 1622 ad

184 1649 319 1702 ipsum
350 1658 487 1690 autem
523 1648 666 1688 sonum
706 1648 743 1686 A
778 1645 926 1687 relatus
957 1644 1229 1686 interuallum
1277 1655 1330 1685 ex
1385 1653 1468 1687 vna

186 1712 330 1753 octaua
365 1724 407 1755 et
437 1715 579 1767 quinta
615 1710 893 1767 compositum
926 1711 1155 1751 constituet.
1242 1708 1349 1749 Hinc
1382 1709 1470 1761 igi-

188 1783 256 1816 tur
286 1777 369 1817 duo
402 1777 485 1818 soni
524 1777 745 1818 interuallo
778 1777 899 1818 vnius
931 1775 1096 1831 quintae
1129 1773 1314 1817 distantes
1334 1804 1348 1826 ,
1398 1784 1470 1814 ta-

190 1839 348 1882 tionem
376 1848 515 1881 tenent
551 1850 576 1876 2
594 1851 607 1880 ε
627 1852 669 1890 ³·

342 1943 386 1983 7.
418 1931 563 1988 Quum
601 1930 644 1972 in
677 1931 774 1974 scala
809 1932 999 1974 sonorum
1034 1931 1303 1975 Muficorum
1355 1922 1471 1971 recess

190 2007 260 2056 pta
283 2028 297 2050 ,
324 1996 580 2052 grauissimus
612 1995 751 2040 littera
783 1996 819 2040 C
852 1996 1052 2049 designari
1100 1997 1221 2039 soleat
1242 2027 1256 2049 ,
1304 1994 1472 2047 :ineque

646 2067 812 2081 ——-—

193 2094 359 2138 offanae
393 2095 540 2137 litteris
569 2106 607 2145 c,
642 2107 680 2145 c,
711 2081 748 2150 ἶ,
780 2079 837 2144 ἶ,
883 2095 1000 2133 sonus
1033 2093 1121 2146 ipso
1155 2093 1190 2136 C
1219 2094 1301 2133 vna‘
1329 2089 1470 2144 quinta

193 2160 377 2217 superior
408 2160 634 2216 designatur
666 2158 802 2203 littera
835 2154 874 2198 G
908 2157 1075 2212 eiusque
1104 2157 1274 2200 octauae
1305 2158 1473 2209 (equen-

836 2221 874 2262 Τ
895 2229 912 2261 t
950 2232 975 2272 a
1414 2228 1472 2262 te·
