1987 2600
591 181 683 226 368
1031 173 1132 215 DE
1197 174 1421 216 MOTV

592 290 637 329 ad
674 287 837 340 planum
876 283 1103 338 Eclipticae
1137 288 1279 328 referre
1313 288 1521 338 velimus,
1568 280 1691 330 etiam
1740 290 1845 335 hunc

590 352 718 390 caium
758 348 915 388 seorsim
951 360 990 388 et
1023 350 1137 401 omni
1170 363 1264 390 cura
1296 352 1547 391 enom-amus,

591 464 738 516 Casus
768 469 1011 532 posterior
1042 485 1143 533 quo
1178 471 1338 519 orbita
1375 470 1599 520 Planetae
1630 471 1691 520 ad
1734 472 1852 522 Ecli-

823 533 1003 596 pticam
1041 548 1304 597 parumper
1337 535 1604 585 inclinatur.

740 649 810 676 22.
847 636 1023 677 Seruatis
1057 637 1282 686 valoribns,
1331 652 1430 691 quos
1463 639 1549 679 casu
1596 637 1850 691 praecedente

588 711 665 753 pro
697 712 725 739 x
757 710 794 738 et
820 713 847 748 y
900 701 1126 740 inuenintus
1151 728 1161 747 ,
1210 704 1534 753 quandoquidem
1594 703 1652 742 illi
1707 713 1846 754 parum

589 764 638 802 ob
671 775 739 802 zz
774 765 1081 814 immutantur,
1129 775 1334 816 propterea
1378 767 1483 818 qumi
1534 777 1582 814 z,
1638 775 1682 804 vt
1735 763 1849 805 valde

587 838 762 878 paruum
807 827 1002 877 speetatur
1027 857 1037 876 ,
1074 827 1312 878 incipiamus
1350 841 1367 866 :1
1421 829 1534 868 tertia
1584 828 1851 877 aequatione,

588 889 655 928 vbi
691 889 827 942 primo
860 892 1052 930 terminos
1083 892 1257 930 duarum
1296 890 1526 941 pluriumue
1545 889 1849 927 dimensionum

585 949 841 1003 negligimus
865 984 874 1001 ,
907 955 961 992 itt
996 964 1041 993 vt
1075 953 1284 991 habeamus
1317 951 1412 993 hauc.
1442 952 1753 1006 aequationem:

684 1018 843 1085 {dg-ff—
861 1037 1112 1065 mmzzo

590 1113 707 1154 cuius
741 1113 959 1163 integratio
991 1115 1121 1154 statim
1159 1116 1315 1168 praebet
1349 1116 1492 1157 z-:C
1518 1116 1584 1156 sin.
1607 1129 1628 1156 r
1662 1114 1850 1156 existente

585 1176 877 1226 drzmdt‚
913 1177 976 1217 vbi
1016 1179 1220 1219 manifesto
1244 1208 1254 1228 ,
1298 1181 1467 1227 angulus
1500 1191 1523 1217 r
1556 1182 1751 1232 exprimit
1786 1190 1849 1216 ar-

586 1250 831 1290 gumentum
869 1239 1088 1279 latitudinis
1122 1241 1303 1280 Planctae
1341 1242 1540 1287 medium,
1572 1246 1674 1292 quod
1695 1241 1849 1293 reperi-

588 1311 654 1342 tur
679 1331 690 1351 ,
725 1300 753 1340 fi
789 1313 811 1339 a
844 1299 931 1340 loco
966 1303 1097 1341 medio
1130 1303 1310 1344 planetae
1346 1302 1385 1341 in
1419 1303 1544 1342 orbita
1566 1333 1576 1353 ,
1611 1302 1720 1342 locus
1755 1299 1850 1340 nodi

589 1364 827 1405 ascendentis
860 1363 1119 1406 subtrahatur.
1201 1365 1269 1404 Ex
1303 1378 1385 1415 quo
1419 1378 1544 1414 quum
1581 1365 1681 1404 linea
1724 1365 1850 1404 nodo-

589 1440 684 1468 rum
719 1427 841 1466 etiam
877 1428 1044 1478 quiescat
1068 1457 1080 1476 ‚
1131 1429 1381 1466 manifestum
1417 1428 1471 1465 cst
1505 1426 1644 1474 vtique
1679 1426 1751 1465 effe
1782 1426 1850 1465 de-

716 1482 768 1507 dr

592 1492 681 1532 berc
715 1502 904 1550 a—rzm·
973 1491 1094 1530 Porro
1125 1500 1259 1530 autern
1294 1490 1516 1530 coefficicns
1549 1491 1721 1530 constins
1754 1499 1852 1527 con·

589 1564 704 1601 venit
736 1574 828 1602 cum
866 1563 1126 1604 inclinatione
1158 1563 1308 1603 orbitae
1343 1560 1526 1600 Plinetae
1575 1561 1619 1599 ad
1670 1559 1852 1612 Eclipti-

589 1637 712 1674 cam,
745 1626 806 1664 seu
844 1628 977 1678 potius
1012 1629 1096 1667 eius
1131 1636 1312 1677 tangente
1343 1637 1443 1676 quae
1479 1623 1506 1663 fi
1544 1633 1716 1674 ponatur
1752 1624 1852 1673 Ξῖ,

589 1686 817 1729 habebimus
852 1702 927 1744 pro
962 1690 1036 1729 hac
1071 1689 1201 1743 prima
1234 1687 1587 1742 approximatione
1614 1686 1800 1728 zzzism.
1813 1698 1848 1729 r.

746 1824 816 1862 23.
849 1814 999 1869 Quodsi
1035 1815 1115 1854 iam
1150 1814 1187 1854 in
1225 1813 1409 1854 terminis
1443 1812 1687 1865 sequentibus
1720 1813 1850 1852 mino·

590 1875 693 1918 tibus
729 1876 819 1917 loco
850 1890 877 1918 z
907 1880 974 1919 iste
1009 1879 1122 1919 valor
1154 1878 1408 1919 substituatur
1429 1909 1440 1929 ‚
1481 1877 1682 1929 simulque
1716 1889 1790 1929 pro
1821 1885 1849 1914 x

594 1949 636 1980 et
668 1952 703 1988 y
750 1940 907 1981 valores
956 1942 1111 1981 inuenti
1162 1943 1406 1992 scribantur,
1457 1953 1507 1981 ex
1559 1940 1620 1979 his
1668 1938 1848 1980 terminis

596 2003 750 2042 orietur
781 2004 896 2044 series
928 2016 1135 2046 certorum
1170 2005 1325 2045 sinuum
1346 2036 1358 2054 ‚
1410 2015 1585 2056 quorum
1623 2002 1649 2043 s1
1686 2000 1848 2055 quilibet

595 2063 717 2103 suerit
749 2080 800 2106 z:
820 2069 855 2109 K
877 2068 946 2108 fin.
966 2083 995 2108 ω
1026 2068 1214 2109 existente
1246 2067 1316 2105 dm
1334 2080 1385 2106 z:
1405 2080 1438 2121 μ
1457 2067 1515 2106 dt
1556 2067 1646 2107 inde
1694 2064 1848 2103 redun-

594 2125 705 2168 dabit
736 2126 880 2170 similis
913 2131 1109 2173 terminus
1141 2130 1184 2170 in
1217 2130 1397 2173 valorem
1430 2143 1481 2184 z,
1511 2130 1581 2184 qui
1628 2127 1658 2169 fi
1708 2127 1849 2167 statua·

1779 2197 1847 2229 tur
