1987 2600
552 143 618 183 σο
967 142 1084 196 ωὲκὲἐ
1116 143 1131 193 (
1165 156 1192 186 0
1225 141 1240 199 )
1271 141 1386 194 &930⁰

555 251 617 292 lus
649 255 719 305 qui
749 251 857 294 hunc
890 264 1032 295 arcum
1065 265 1105 296 et
1138 267 1276 297 arcum
1294 254 1404 296 binos
1436 253 1801 310 Polosiungentem

554 315 770 358 interiacet.
839 317 927 359 Hoc
958 318 1074 368 fusto,
1104 319 1133 360 fi
1164 332 1276 360 arcus
1306 331 1375 371 per
1409 318 1553 359 Polum
1585 321 1805 375 Eclipticae

558 386 597 419 et
630 379 767 420 zenith
799 381 1018 434 produdms
1048 392 1232 423 occurrat
1265 381 1488 434 Eclipticae
1531 383 1571 422 in
1624 384 1772 435 punc‘to
1794 416 1806 436 ,

556 443 662 494 quod
699 443 1021 494 Nonagesimum
1055 445 1250 497 adpellare
1284 445 1417 484 licebit
1439 475 1451 494 ‚
1482 446 1636 486 dabitur
1670 447 1808 486 distan-

557 505 610 544 tia
646 504 909 554 Nonagefimi
941 519 962 546 a
995 507 1133 546 zenith
1154 536 1165 556 ,
1197 517 1236 545 et
1268 506 1499 556 Longitudo
1534 507 1809 560 Nonagesimi,

554 576 604 604 ex
639 578 720 617 quo
755 570 1012 618 cognoscetur
1052 570 1173 608 etiarn
1208 568 1427 609 differentia
1467 570 1572 610 inter
1607 571 1809 622 Longitu-

553 627 661 668 dines
697 630 835 670 Lunae
869 642 909 670 ct
946 630 1218 680 Nonagelimi.
1303 631 1414 669 Tum
1450 643 1550 671 vero
1583 631 1609 670 ss
1644 634 1808 672 denota-

556 692 662 729 verit
688 693 725 728 Π
761 690 978 741 paranaxin
1015 690 1307 733 horizontalem
1345 693 1478 733 Lunae
1511 703 1807 746 aequatoream,

553 765 570 791 ε
602 751 795 790 rationem
838 752 939 793 inter
992 754 1331 794 semidiametrum
1386 755 1542 798 telluris
1595 769 1668 810 pro
1717 755 1807 797 loco

552 813 778 864 spectatoris
811 823 852 853 et
885 816 1229 858 semidiametrum
1266 820 1488 867 aequatoris
1513 849 1524 868 ,
1577 818 1618 859 D
1665 820 1808 860 distan-

554 875 658 916 tiam
719 874 981 928 Nonagesimi
1031 892 1052 920 a
1097 878 1263 927 zenith‚
1311 878 1340 917 d
1385 881 1652 922 differentiam
1703 882 1808 922 inter

557 937 845 989 Longitudines
878 942 1012 982 Lunae
1045 952 1084 984 et
1120 942 1380 992 Nonagesimi
1405 970 1417 991 ‚
1469 945 1502 984 L
1551 945 1808 985 latitudinem

558 998 697 1041 Lunae
731 1014 869 1044 veram
904 1014 944 1045 et
974 1003 1287 1046 lLatitudinem
1337 1017 1597 1059 apparentem
1618 1038 1629 1057 ,
1676 1004 1811 1059 paral-

556 1062 659 1103 laxis
691 1074 828 1105 autem
863 1067 1147 1119 Longitudinis
1182 1067 1416 1119 indigitetur
1452 1081 1518 1124 pet
1544 1078 1593 1126 p,
1645 1071 1812 1122 sequen-

560 1135 619 1166 tes
649 1127 933 1170 obtinebuntur
967 1132 1160 1174 formulae

281 1199 409 1254 Tang.
415 1206 445 1259 p
454 1212 506 1241 z
514 1193 978 1271 fflffufffissgjssfss—ssffi3
998 1209 1123 1258 Tang.
1134 1198 1383 1271 lzsffffffssss)
1392 1207 1519 1262 Tang·
1535 1211 1568 1252 L
1580 1209 1600 1261 (
1610 1226 1624 1252 1
1641 1235 1677 1242 —
1686 1200 1856 1275 Uinjl-Jffsgn‘
1867 1203 1905 1255 1³)

557 1305 727 1346 quarum
764 1304 932 1347 vti-aque
963 1291 1097 1333 exaece
1132 1305 1221 1333 vera
1254 1293 1335 1343 est,
1384 1302 1423 1331 et
1460 1292 1585 1343 rigori
1636 1291 1812 1335 Geome-

558 1358 661 1396 trico
695 1356 808 1409 plane
837 1355 1064 1398 conformis.
1135 1356 1271 1408 Neque
1302 1365 1521 1408 computus
1553 1356 1697 1396 harum
1732 1361 1812 1398 for·

559 1419 769 1459 mularum
803 1420 890 1461 vllo
921 1419 1042 1460 modo
1077 1431 1150 1470 pro
1185 1417 1349 1457 molesto
1382 1417 1512 1456 haberi
1547 1419 1671 1469 potest
1691 1447 1702 1467 ‚
1734 1419 1812 1460 sal-

561 1490 646 1521 tem
676 1495 793 1534 aeque
825 1482 1060 1523 commodae
1092 1481 1181 1519 sunt
1214 1490 1256 1518 ac
1290 1479 1483 1520 formulae
1517 1480 1564 1519 ab
1596 1480 1684 1520 aliis
1717 1485 1811 1523 Au-

557 1542 731 1584 &oribus
765 1545 987 1593 adhibitae,
1020 1555 1116 1594 quae
1150 1554 1224 1582 uon
1262 1541 1332 1580 nisi
1368 1540 1521 1581 valores
1541 1546 1807 1594 approxima·

559 1614 619 1644 tos
654 1605 844 1646 exhibent
865 1638 878 1658 ,
923 1605 1127 1657 imprimis
1161 1616 1261 1643 vero
1294 1605 1410 1642 vium
1447 1602 1587 1642 habent
1629 1604 1805 1656 lingula-

559 1678 646 1707 rem
668 1698 681 1719 ,
729 1669 826 1708 dum
880 1669 922 1707 in
962 1675 1157 1719 computo
1190 1677 1303 1705 verae
1334 1665 1484 1717 figurae
1517 1665 1673 1706 telluris
1704 1669 1808 1708 ratio

560 1729 732 1771 habenda
765 1732 840 1783 est,
869 1742 991 1784 quem
1026 1731 1066 1769 in
1102 1728 1224 1769 finem
1262 1729 1521 1770 correctiones
1543 1729 1674 1769 minus
1693 1740 1806 1770 com-

561 1793 697 1833 modas
728 1792 932 1847 hucusque
966 1791 1152 1834 adhibitas
1205 1793 1313 1831 fuisse
1361 1793 1538 1841 constat3
1584 1794 1680 1833 dum
1733 1792 1807 1833 hae

559 1855 752 1895 formulae
804 1869 879 1910 pto
928 1856 1056 1907 figura
1107 1853 1261 1896 telluris
1295 1853 1575 1906 Splmeroidica
1609 1856 1804 1895 maiorem

559 1929 638 1957 non
671 1918 851 1961 facessunt
883 1918 1134 1971 molestiam,
1178 1928 1296 1970 quam
1334 1916 1361 1958 fi
1396 1919 1527 1959 eadem
1563 1917 1804 1971 supponatur

557 1978 768 2032 sphaerica.
