1987 2600
556 145 648 186 274
987 124 1088 168 DE
1154 122 1374 167 MOTV

556 258 728 302 quarum
762 238 970 294 integrali-a
1002 237 1059 278 bis
1093 238 1223 279 sumta
1257 235 1518 292 reperiuntur
1548 247 1619 291 per
1651 236 1819 281 metho-

557 313 625 353 dos
657 309 836 361 cognitas

618 377 1180 426 uzCfin.mt-÷Dcos.mc
1223 386 1262 417 et
1295 373 1821 422 szfinmt-ss-Fcofint

557 460 623 501 vbi
658 459 815 499 litterae
850 455 899 505 C,
934 453 989 505 D,
1021 453 1075 501 E,
1111 453 1140 493 F
1178 454 1419 504 quantitates
1458 453 1674 493 constantes
1708 466 1825 507 quas·

555 535 714 576 cunque
747 532 799 561 ex
830 517 1140 560 circumstantiis
1176 527 1313 556 motus
1347 516 1668 557 determinandas
1719 517 1827 559 defi-

556 598 711 639 gnant3
766 585 859 639 quia
911 592 1047 622 autem
1104 592 1171 634 Per
1207 580 1449 633 hypothesin
1492 581 1628 631 anguli
1671 595 1698 623 u
1726 591 1827 624 etv

557 652 719 704 perinde
750 663 793 689 ac
833 646 1072 699 principales
1115 648 1266 697 semper
1312 657 1472 684 manere
1524 645 1662 685 debent
1715 645 1826 697 quasi

558 714 720 754 infinite
762 713 911 766 parui,
959 711 1081 749 etiam
1127 708 1195 748 lias
1234 707 1449 748 conflantes
1489 706 1651 747 infinite
1684 720 1826 761 paruas

556 776 629 819 effe
664 786 839 831 oportet.

711 857 742 906 §.
785 869 852 896 10.
890 854 962 895 His
995 854 1119 905 igitur
1149 854 1414 894 conflantibus
1451 853 1524 892 rite
1572 853 1830 904 constitutis,

557 920 651 974 quia
689 920 848 960 numeri
883 931 917 958 m
953 928 992 958 et
1028 930 1049 956 n
1083 918 1224 956 dantur
1253 947 1264 966 ,
1321 920 1365 957 ad
1399 916 1566 967 quoduis
1610 927 1772 970 tempus
1809 923 1828 958 t

559 985 605 1025 ab
640 984 758 1023 initio
789 983 965 1034 elapsum
1001 990 1041 1020 et
1077 981 1116 1020 in
1154 980 1322 1020 minutis
1374 980 1547 1020 secuud?s
1596 982 1827 1033 expreffum

560 1047 679 1087 ambo
710 1046 849 1094 anguli
884 1057 906 1084 u
939 1054 976 1082 et
1010 1055 1038 1083 v
1071 1042 1318 1084 definiuntur
1339 1073 1350 1093 ‚
1381 1053 1499 1096 atque
1530 1055 1580 1083 ex
1613 1042 1673 1084 his
1707 1057 1831 1098 porro

559 1109 636 1162 ipsi
669 1109 807 1160 anguli
842 1104 878 1147 5}
912 1118 952 1149 et
987 1101 1028 1156 Φ
1060 1107 1350 1149 concludentur
1371 1139 1383 1159 ‚
1416 1108 1556 1161 quibus
1590 1107 1709 1149 status
1727 1122 1830 1163 pen-

560 1173 650 1214 duli
683 1171 759 1213 hoc
795 1182 978 1224 tempore
1017 1173 1324 1211 determinatur.

709 1255 743 1302 ξ.
783 1268 849 1294 11.
885 1255 958 1294 His
993 1254 1118 1304 igitur
1164 1254 1282 1306 probe
1325 1254 1543 1307 perperim,
1576 1255 1828 1296 manifestum

550 1317 636 1367 est,
669 1317 872 1357 Problema
905 1318 1008 1369 quod
1046 1317 1110 1356 hic
1146 1317 1365 1357 tractamus
1399 1319 1579 1358 maxime
1610 1318 1682 1357 esse
1712 1331 1832 1359 com-

563 1380 761 1434 plicatum
784 1410 795 1430 ‚
845 1380 871 1419 si
906 1381 1068 1432 quidem
1102 1381 1250 1420 solutio
1284 1380 1465 1419 maxime
1500 1380 1693 1429 generalis
1726 1381 1830 1421 desi-

562 1445 741 1485 deretur.
822 1443 1050 1484 solutiones
1102 1453 1238 1483 autem
1292 1442 1549 1495 particulares
1600 1444 1689 1484 inde
1741 1443 1830 1484 fieri

564 1517 757 1560 poterunt
791 1506 880 1560 plus
915 1506 980 1547 vel
1025 1507 1158 1546 minus
1202 1505 1399 1558 fimplices
1443 1507 1578 1558 prouti
1619 1506 1829 1548 literarum

565 1571 613 1619 C,
646 1570 704 1623 D,
736 1570 770 1610 E
802 1580 841 1610 et
881 1570 907 1610 F
942 1581 1017 1610 vna
1062 1570 1245 1623 pluresue
1283 1563 1493 1622 capiantur
1532 1571 1830 1618 euanescentes,

565 1638 709 1688 quibus
743 1645 879 1672 autem
914 1633 1143 1675 euoluendis
1177 1633 1242 1673 hic
1279 1644 1356 1671 non
1395 1633 1618 1681 immoror,
1649 1644 1747 1671 cum
1787 1634 1829 1673 in

566 1697 765 1749 superiori
800 1697 1070 1738 dissertatione
1105 1697 1243 1738 omnia
1279 1707 1376 1750 quae
1410 1695 1488 1737 huc
1529 1695 1731 1750 pertinent
1767 1697 1828 1738 fe-

566 1761 751 1803 licissime
784 1760 858 1801 sint
895 1759 1077 1802 euoluta.

719 1839 751 1887 §.
794 1853 862 1880 12.
899 1839 1113 1882 Caeterum
1156 1839 1222 1883 hic
1256 1841 1468 1885 obseruass‘e
1520 1839 1686 1890 iuuabit,
1735 1837 1832 1880 hanc

567 1904 811 1946 solutionem
848 1915 1010 1945 eatenus
1044 1906 1196 1959 semper
1232 1907 1367 1948 locum
1404 1906 1545 1946 habere
1580 1903 1697 1957 posse,
1728 1915 1822 1955 qua-

571 1977 685 2008 tenus
720 1969 915 2008 formulae
946 1967 1294 2023 ab-(p—4-q)bb
1325 1980 1364 2009 et
1396 1965 1713 2022 ab-(p-q)hb
1744 1976 1830 2005 am·

570 2030 636 2070 bae
673 2030 838 2072 habeant
873 2031 1028 2072 vaiores
1061 2031 1273 2085 pofitiuos,
1305 2035 1410 2084 quod
1447 2031 1481 2072 si·
1509 2032 1620 2072 enim
1658 2036 1828 2082 ponatur

572 2105 596 2134 a
615 2091 638 2134 b
661 2100 740 2148 -p
757 2093 781 2133 b
799 2093 821 2132 b
840 2109 892 2135 z
909 2106 933 2136 r
949 2092 975 2136 h
991 2094 1019 2136 b
1041 2122 1052 2145 ,
1078 2094 1151 2136 hae
1184 2095 1382 2138 formulae
1413 2097 1454 2138 in
1487 2098 1686 2150 sequentes
1705 2100 1827 2130 trans-

1667 2164 1828 2196 mutan-
