1987 2600
297 150 383 196 DE
407 148 574 195 VERlS
600 146 1309 195 HARMONIAE'PRINCIPIIS.
1368 162 1456 203 331

175 267 289 310 torio
322 267 403 309 fiae
439 277 617 309 tremore
651 269 692 308 in
730 277 818 306 aere
851 264 1032 306 excitato
1066 267 1310 319 producatur
1331 295 1344 318 ,
1376 265 1461 308 siue

176 334 244 374 iste
281 342 437 373 tremor
479 334 596 373 fuerit
648 330 892 385 aequabilis,
942 329 1024 372 slue
1077 331 1364 385 inaequatum,
1417 333 1460 372 in

174 397 327 439 Mufica
362 396 432 437 alii
467 398 549 438 soni
583 410 662 438 non
721 397 1027 448 admittuntur,
1076 395 1148 437 ulfi
1201 396 1268 437 vbi
1319 407 1460 439 omnes

175 463 417 502 vibrationes
453 463 552 502 inter
586 467 620 502 ie
654 465 742 502 lunt
777 459 1040 508 isochronae,
1093 459 1174 500 siue
1227 459 1458 515 aequalibus

176 525 437 580 tempusculis
471 526 745 567 abl'oluuntur.
831 524 893 566 lta
928 522 1137 565 cuiuslibet
1170 526 1256 567 soni
1300 524 1458 572 ‚Musici

173 594 381 632 notionem
417 591 674 643 adaequatam
710 590 941 630 habebimus
966 619 978 639 ,
1031 591 1188 643 quando
1223 591 1458 631 nouerit-nus

172 667 274 708 quot
308 654 552 696 vibrationes
585 658 678 693 dato
714 664 898 705 tempore
935 653 1050 693 verbi
1091 657 1218 704 gratia
1254 668 1338 696 vno
1373 657 1459 696 mi·-

171 730 274 759 nuto
309 717 477 758 secundo
510 718 711 767 edantur3
765 716 847 755 duo
880 727 980 768 ergo
1014 718 1203 769 pluresue
1248 722 1330 760 soni
1383 719 1456 774 qui

171 794 257 823 vno
308 782 472 822 minuto
523 782 696 822 secundo
745 780 918 820 eundem
969 780 1248 823 vibrationum
1301 795 1456 825 nume-

167 859 266 888 rum
301 848 455 896 edunt,
486 854 604 886 erunt
639 845 830 896 vnisoni5
863 856 905 884 ac
939 857 1036 886 cum
1073 846 1157 888 soni
1192 859 1241 888 ex
1278 859 1455 890 numero

168 913 477 959 vibrationum‚
527 921 623 964 quas
656 912 753 951 dato
797 919 987 963 tempore
1038 910 1198 962 edunt,
1250 912 1455 954 aestimari

168 976 354 1025 soleant,
409 986 548 1015 natura
599 975 756 1016 vnisoni
812 975 851 1015 in
899 972 1051 1015 ratione
1086 976 1340 1029 aequalitatis
1375 979 1454 1020 erit

167 1040 441 1082 constituenda
464 1070 475 1091 ‚
529 1040 557 1079 ii
611 1051 747 1082 autem
782 1040 867 1080 soni
900 1038 1049 1080 diuersi
1086 1044 1294 1082 censentur
1317 1073 1328 1095 ,
1379 1044 1453 1096 qui

167 1119 250 1148 non
285 1117 405 1159 aeque
442 1104 589 1145 multas
632 1104 872 1146 vibrationes
908 1105 1050 1145 eodem
1089 1114 1275 1160 tempere
1310 1106 1448 1148 edunt.

167 1171 252 1226 Qui
306 1170 414 1210 enim
466 1171 609 1210 eodem
661 1180 845 1224 tempore
878 1168 1173 1222 frequentiores
1208 1170 1452 1219 vibrationes

165 1236 324 1286 edunt,
376 1235 606 1288 acutiores,
656 1235 726 1290 qui
759 1241 900 1275 autem
946 1234 1187 1289 pauciores,
1244 1235 1452 1288 grauiores

165 1299 362 1355 appellari
397 1299 537 1343 solent.

319 1379 359 1415 3.
396 1364 522 1406 Sonos
557 1374 696 1406 autem
740 1373 902 1406 eatenus
955 1372 1116 1406 tantum
1169 1363 1450 1421 percipimus,

165 1438 359 1483 quatenus
392 1428 487 1469 illae
521 1430 766 1469 vibrationes
799 1429 840 1468 in
875 1440 963 1469 aere
1004 1434 1201 1473 excitatae
1224 1461 1235 1481 ‚
1274 1443 1346 1485 per
1373 1444 1449 1472 au-

166 1505 254 1534 rem
311 1494 352 1534 in
403 1505 585 1544 organon
640 1494 801 1534 auditus
854 1494 1236 1546 transmittuntur,
1290 1496 1450 1538 auditus

165 1557 295 1598 noster
347 1558 518 1600 totidem
570 1570 731 1612 quoque
785 1556 1073 1600 vibrationibus
1114 1561 1161 1600 ad
1195 1559 1449 1602 sentiendum

164 1622 337 1665 ciebitur
358 1653 370 1675 ,
401 1623 505 1664 vnde
542 1624 703 1678 quando
736 1623 819 1665 duo
857 1624 941 1663 soni
977 1625 1159 1678 aequales
1193 1623 1312 1664 smul
1345 1626 1447 1667 'offe-

163 1696 339 1737 runtur,
390 1687 462 1729 hac
512 1690 593 1743 ipsa
641 1691 795 1730 ratione
846 1688 1102 1742 aequalitatis
1154 1690 1281 1730 sensus
1314 1690 1445 1731 noster

163 1750 363 1792 svauitate
398 1753 590 1807 quapiam
624 1753 856 1804 afficietur,
905 1753 1003 1794 dum
1045 1764 1182 1799 contra
1218 1753 1247 1795 fi
1285 1753 1334 1797 ab
1367 1752 1445 1795 hac

166 1815 322 1856 ratione
354 1815 560 1856 tantillum
594 1817 831 1866 aberretur,
866 1817 1092 1860 molestiam
1123 1818 1323 1871 quandam
1359 1819 1446 1857 sen-

166 1877 228 1919 tit.
311 1878 522 1934 Perceptio
573 1889 711 1920 autem
760 1881 954 1921 sonorum
987 1882 1218 1936 aequalium
1256 1881 1446 1922 omnibus

166 1941 403 1985 hominibus
437 1946 493 1986 ita
527 1955 548 1984 a
590 1953 737 1985 natura
786 1942 948 1985 videtur
997 1946 1210 1999 ingenita,
1265 1955 1313 1986 vt
1363 1958 1444 1988 non
1478 1970 1481 1975 ·

164 2007 299 2050 solum
356 2007 459 2050 hanc
509 2007 793 2063 aequalitatem
847 2009 1035 2052 facillime
1084 2011 1330 2064 agnoscant3
1379 2009 1443 2051 sed

165 2073 291 2115 etiam
326 2072 394 2116 vel
424 2075 518 2116 viua
553 2086 655 2115 voce
690 2073 912 2130 producere
933 2107 943 2125 ,
985 2075 1053 2117 vel
1087 2076 1130 2117 in
1163 2075 1439 2117 instrumentis

165 2139 329 2182 efficere
364 2138 548 2194 valeant3
581 2135 688 2182 nihil
718 2139 831 2184 enim
867 2138 1021 2183 facilius
1053 2139 1106 2182 est
1125 2171 1138 2195 ‚
1186 2151 1310 2196 quam
1345 2141 1442 2180 duas

785 2205 858 2248 Tt
893 2220 918 2247 2
1108 2237 1111 2239 μ
1316 2202 1440 2249 chot-
