<?xml version="1.0" encoding="UTF-8"?>
<!DOCTYPE html PUBLIC "-//W3C//DTD XHTML 1.0 Transitional//EN"
    "http://www.w3.org/TR/xhtml1/DTD/xhtml1-transitional.dtd">
<html xmlns="http://www.w3.org/1999/xhtml" xml:lang="en" lang="en">
 <head>
  <title>
</title>
<meta http-equiv="Content-Type" content="text/html;charset=utf-8" />
  <meta name='ocr-system' content='tesseract 3.04.00' />
  <meta name='ocr-capabilities' content='ocr_page ocr_carea ocr_par ocr_line ocrx_word'/>
</head>
<body>
  <div class='ocr_page' id='page_1' title='image "./novicommentariac18impe_0058.png"; bbox 0 0 1987 2600; ppageno 0'>
   <div class='ocr_carea' id='block_1_1' title="bbox 538 137 1373 199">
    <p class='ocr_par' dir='ltr' id='par_1_1' title="bbox 538 137 1373 199">
     <span class='ocr_line' id='line_1_1' title="bbox 538 137 1373 199; baseline -0.002 -5"><span class='ocrx_word' id='word_1_1' title='bbox 538 154 597 195; x_wconf 78' lang='lat'>54</span> <span class='ocrx_word' id='word_1_2' title='bbox 954 140 1070 193; x_wconf 47' lang='grc' dir='ltr'>»ἓξὲξ</span> <span class='ocrx_word' id='word_1_3' title='bbox 1101 142 1117 191; x_wconf 90' lang='grc'>(</span> <span class='ocrx_word' id='word_1_4' title='bbox 1147 147 1174 179; x_wconf 93' lang='lat'><em>0</em></span> <span class='ocrx_word' id='word_1_5' title='bbox 1207 137 1224 199; x_wconf 88' lang='lat'>)</span> <span class='ocrx_word' id='word_1_6' title='bbox 1257 140 1373 192; x_wconf 45' lang='lat' dir='ltr'>etue«-</span> 
     </span>
    </p>
   </div>
   <div class='ocr_carea' id='block_1_2' title="bbox 523 249 1791 938">
    <p class='ocr_par' dir='ltr' id='par_1_2' title="bbox 523 249 1791 938">
     <span class='ocr_line' id='line_1_2' title="bbox 532 249 1791 312; baseline 0.003 -16"><span class='ocrx_word' id='word_1_7' title='bbox 532 254 661 308; x_wconf 86' lang='lat' dir='ltr'>potest</span> <span class='ocrx_word' id='word_1_8' title='bbox 682 283 695 304; x_wconf 95' lang='lat'><em>,</em></span> <span class='ocrx_word' id='word_1_9' title='bbox 746 261 794 294; x_wconf 76' lang='lat' dir='ltr'>vt</span> <span class='ocrx_word' id='word_1_10' title='bbox 823 251 897 294; x_wconf 78' lang='lat' dir='ltr'>hae</span> <span class='ocrx_word' id='word_1_11' title='bbox 930 249 1110 295; x_wconf 77' lang='lat' dir='ltr'>Tabulae</span> <span class='ocrx_word' id='word_1_12' title='bbox 1143 251 1279 298; x_wconf 69' lang='lat' dir='ltr'>saltem</span> <span class='ocrx_word' id='word_1_13' title='bbox 1312 267 1387 310; x_wconf 91' lang='lat' dir='ltr'>pro</span> <span class='ocrx_word' id='word_1_14' title='bbox 1423 250 1602 307; x_wconf 54' lang='lat' dir='ltr'>casibus}</span> <span class='ocrx_word' id='word_1_15' title='bbox 1649 258 1791 312; x_wconf 84' lang='lat' dir='ltr'>quibus</span> 
     </span>
     <span class='ocr_line' id='line_1_3' title="bbox 532 316 1788 372; baseline 0.003 -14"><span class='ocrx_word' id='word_1_16' title='bbox 532 318 647 359; x_wconf 74' lang='lat' dir='ltr'>locus</span> <span class='ocrx_word' id='word_1_17' title='bbox 682 318 818 359; x_wconf 81' lang='lat' dir='ltr'>Lunae</span> <span class='ocrx_word' id='word_1_18' title='bbox 854 316 1008 356; x_wconf 83' lang='lat' dir='ltr'>medius</span> <span class='ocrx_word' id='word_1_19' title='bbox 1037 330 1059 358; x_wconf 80' lang='lat' dir='ltr'>a</span> <span class='ocrx_word' id='word_1_20' title='bbox 1096 331 1196 359; x_wconf 85' lang='lat' dir='ltr'>vero</span> <span class='ocrx_word' id='word_1_21' title='bbox 1226 318 1478 372; x_wconf 80' lang='lat' dir='ltr'>aliquantum</span> <span class='ocrx_word' id='word_1_22' title='bbox 1530 319 1676 371; x_wconf 86' lang='lat' dir='ltr'>distat,</span> <span class='ocrx_word' id='word_1_23' title='bbox 1722 335 1788 362; x_wconf 63' lang='lat' dir='ltr'>ae»</span> 
     </span>
     <span class='ocr_line' id='line_1_4' title="bbox 530 379 1788 439; baseline 0.004 -19"><span class='ocrx_word' id='word_1_24' title='bbox 530 393 609 433; x_wconf 90' lang='lat' dir='ltr'>que</span> <span class='ocrx_word' id='word_1_25' title='bbox 646 382 741 423; x_wconf 88' lang='lat' dir='ltr'>bene</span> <span class='ocrx_word' id='word_1_26' title='bbox 785 391 883 420; x_wconf 90' lang='lat' dir='ltr'>cum</span> <span class='ocrx_word' id='word_1_27' title='bbox 934 379 1050 421; x_wconf 89' lang='lat' dir='ltr'>coelo</span> <span class='ocrx_word' id='word_1_28' title='bbox 1098 383 1354 424; x_wconf 83' lang='lat' dir='ltr'>consentiant.</span> <span class='ocrx_word' id='word_1_29' title='bbox 1449 383 1584 439; x_wconf 80' lang='lat' dir='ltr'><strong>Quare</strong></span> <span class='ocrx_word' id='word_1_30' title='bbox 1631 385 1788 425; x_wconf 77' lang='lat' dir='ltr'>etiamst</span> 
     </span>
     <span class='ocr_line' id='line_1_5' title="bbox 529 441 1788 497; baseline 0.002 -13"><span class='ocrx_word' id='word_1_31' title='bbox 529 445 599 486; x_wconf 76' lang='lat' dir='ltr'>vel</span> <span class='ocrx_word' id='word_1_32' title='bbox 635 447 813 485; x_wconf 81' lang='lat' dir='ltr'>maxime</span> <span class='ocrx_word' id='word_1_33' title='bbox 843 441 1021 485; x_wconf 82' lang='lat' dir='ltr'>Tabulae</span> <span class='ocrx_word' id='word_1_34' title='bbox 1057 444 1216 497; x_wconf 77' lang='lat' dir='ltr'>Mayeri</span> <span class='ocrx_word' id='word_1_35' title='bbox 1249 446 1489 487; x_wconf 86' lang='lat' dir='ltr'>recentiores</span> <span class='ocrx_word' id='word_1_36' title='bbox 1519 457 1614 485; x_wconf 88' lang='lat' dir='ltr'>cum</span> <span class='ocrx_word' id='word_1_37' title='bbox 1660 448 1788 488; x_wconf 86' lang='lat' dir='ltr'>obser-</span> 
     </span>
     <span class='ocr_line' id='line_1_6' title="bbox 530 509 1790 563; baseline 0.001 -15"><span class='ocrx_word' id='word_1_38' title='bbox 530 509 760 549; x_wconf 81' lang='lat' dir='ltr'>vationibus</span> <span class='ocrx_word' id='word_1_39' title='bbox 811 509 1061 560; x_wconf 83' lang='lat' dir='ltr'>reperiantur</span> <span class='ocrx_word' id='word_1_40' title='bbox 1111 510 1435 559; x_wconf 80' lang='lat' dir='ltr'>consentientes,</span> <span class='ocrx_word' id='word_1_41' title='bbox 1512 518 1647 549; x_wconf 86' lang='lat' dir='ltr'>tamen</span> <span class='ocrx_word' id='word_1_42' title='bbox 1697 510 1790 563; x_wconf 75' lang='lat' dir='ltr'>quia</span> 
     </span>
     <span class='ocr_line' id='line_1_7' title="bbox 529 570 1790 627; baseline 0.002 -15"><span class='ocrx_word' id='word_1_43' title='bbox 529 583 606 624; x_wconf 89' lang='lat' dir='ltr'>pro</span> <span class='ocrx_word' id='word_1_44' title='bbox 640 572 701 612; x_wconf 86' lang='lat' dir='ltr'>his</span> <span class='ocrx_word' id='word_1_45' title='bbox 735 570 898 612; x_wconf 84' lang='lat' dir='ltr'>Tabulis</span> <span class='ocrx_word' id='word_1_46' title='bbox 933 571 1153 612; x_wconf 78' lang='lat' dir='ltr'>nonnullae</span> <span class='ocrx_word' id='word_1_47' title='bbox 1186 571 1441 627; x_wconf 80' lang='lat' dir='ltr'>aequationes</span> <span class='ocrx_word' id='word_1_48' title='bbox 1492 570 1668 613; x_wconf 84' lang='lat' dir='ltr'>theoriae</span> <span class='ocrx_word' id='word_1_49' title='bbox 1723 575 1790 614; x_wconf 89' lang='lat' dir='ltr'>su-</span> 
     </span>
     <span class='ocr_line' id='line_1_8' title="bbox 529 632 1787 688; baseline -0.005 -13"><span class='ocrx_word' id='word_1_50' title='bbox 529 635 784 688; x_wconf 71' lang='lat' dir='ltr'>perstruCtae,</span> <span class='ocrx_word' id='word_1_51' title='bbox 815 636 914 674; x_wconf 76' lang='lat' dir='ltr'>aliae</span> <span class='ocrx_word' id='word_1_52' title='bbox 946 646 996 673; x_wconf 83' lang='lat' dir='ltr'>ex</span> <span class='ocrx_word' id='word_1_53' title='bbox 1030 635 1368 675; x_wconf 79' lang='lat' dir='ltr'>obseruationibus</span> <span class='ocrx_word' id='word_1_54' title='bbox 1400 632 1596 674; x_wconf 74' lang='lat' dir='ltr'>correctae</span> <span class='ocrx_word' id='word_1_55' title='bbox 1619 661 1633 679; x_wconf 84' lang='lat'><strong>‚</strong></span> <span class='ocrx_word' id='word_1_56' title='bbox 1684 647 1787 676; x_wconf 84' lang='lat' dir='ltr'>non-</span> 
     </span>
     <span class='ocr_line' id='line_1_9' title="bbox 528 695 1787 750; baseline -0.006 -12"><span class='ocrx_word' id='word_1_57' title='bbox 528 699 661 738; x_wconf 80' lang='lat' dir='ltr'>nullae</span> <span class='ocrx_word' id='word_1_58' title='bbox 694 708 851 750; x_wconf 86' lang='lat' dir='ltr'>quoque</span> <span class='ocrx_word' id='word_1_59' title='bbox 885 707 979 748; x_wconf 81' lang='lat' dir='ltr'>quas</span> <span class='ocrx_word' id='word_1_60' title='bbox 1010 695 1211 736; x_wconf 82' lang='lat' dir='ltr'>Theoriae</span> <span class='ocrx_word' id='word_1_61' title='bbox 1247 695 1474 746; x_wconf 84' lang='lat' dir='ltr'>praebuerat</span> <span class='ocrx_word' id='word_1_62' title='bbox 1509 698 1667 748; x_wconf 88' lang='lat' dir='ltr'>prorsus</span> <span class='ocrx_word' id='word_1_63' title='bbox 1716 709 1787 738; x_wconf 83' lang='lat' dir='ltr'>ne-</span> 
     </span>
     <span class='ocr_line' id='line_1_10' title="bbox 527 757 1783 811; baseline -0.001 -10"><span class='ocrx_word' id='word_1_64' title='bbox 527 761 678 811; x_wconf 63' lang='lat' dir='ltr'>gleeiae</span> <span class='ocrx_word' id='word_1_65' title='bbox 707 764 817 808; x_wconf 70' lang='lat' dir='ltr'>(mit,</span> <span class='ocrx_word' id='word_1_66' title='bbox 852 758 1071 809; x_wconf 78' lang='lat' dir='ltr'>o&#39;ptandnm</span> <span class='ocrx_word' id='word_1_67' title='bbox 1090 758 1141 796; x_wconf 83' lang='lat' dir='ltr'>est</span> <span class='ocrx_word' id='word_1_68' title='bbox 1162 767 1206 796; x_wconf 81' lang='lat' dir='ltr'>vt</span> <span class='ocrx_word' id='word_1_69' title='bbox 1226 757 1403 798; x_wconf 78' lang='lat' dir='ltr'>&#39;l&#39;heoria</span> <span class='ocrx_word' id='word_1_70' title='bbox 1423 759 1549 799; x_wconf 81' lang='lat' dir='ltr'>adhuc</span> <span class='ocrx_word' id='word_1_71' title='bbox 1568 758 1695 810; x_wconf 83' lang='lat' dir='ltr'>magis</span> <span class='ocrx_word' id='word_1_72' title='bbox 1711 771 1783 800; x_wconf 77' lang='lat' dir='ltr'>ex-</span> 
     </span>
     <span class='ocr_line' id='line_1_11' title="bbox 524 819 1785 874; baseline 0.001 -12"><span class='ocrx_word' id='word_1_73' title='bbox 524 823 606 863; x_wconf 87' lang='lat' dir='ltr'>coli</span> <span class='ocrx_word' id='word_1_74' title='bbox 643 821 763 874; x_wconf 79' lang='lat' dir='ltr'>posset</span> <span class='ocrx_word' id='word_1_75' title='bbox 784 848 796 868; x_wconf 88' lang='lat'>,</span> <span class='ocrx_word' id='word_1_76' title='bbox 844 832 926 874; x_wconf 89' lang='lat' dir='ltr'>quo</span> <span class='ocrx_word' id='word_1_77' title='bbox 964 819 1091 859; x_wconf 82' lang='lat' dir='ltr'>maior</span> <span class='ocrx_word' id='word_1_78' title='bbox 1124 822 1395 871; x_wconf 82' lang='lat' dir='ltr'>acquireretur</span> <span class='ocrx_word' id='word_1_79' title='bbox 1426 822 1629 862; x_wconf 88' lang='lat' dir='ltr'>certitudo</span> <span class='ocrx_word' id='word_1_80' title='bbox 1660 824 1707 862; x_wconf 90' lang='lat' dir='ltr'>de</span> <span class='ocrx_word' id='word_1_81' title='bbox 1738 824 1785 863; x_wconf 83' lang='lat' dir='ltr'>iis</span> 
     </span>
     <span class='ocr_line' id='line_1_12' title="bbox 523 882 1781 938; baseline 0.001 -14"><span class='ocrx_word' id='word_1_82' title='bbox 523 884 820 937; x_wconf 73' lang='lat' dir='ltr'>aequationibus</span> <span class='ocrx_word' id='word_1_83' title='bbox 841 915 852 934; x_wconf 87' lang='lat'><strong>‚</strong></span> <span class='ocrx_word' id='word_1_84' title='bbox 885 895 1055 935; x_wconf 78' lang='lat' dir='ltr'>quarum</span> <span class='ocrx_word' id='word_1_85' title='bbox 1091 882 1248 924; x_wconf 78' lang='lat' dir='ltr'>valores</span> <span class='ocrx_word' id='word_1_86' title='bbox 1279 884 1473 938; x_wconf 82' lang='lat' dir='ltr'>empirice</span> <span class='ocrx_word' id='word_1_87' title='bbox 1507 884 1613 938; x_wconf 81' lang='lat' dir='ltr'>quasi</span> <span class='ocrx_word' id='word_1_88' title='bbox 1636 884 1781 927; x_wconf 85' lang='lat' dir='ltr'>hucus-</span> 
     </span>
    </p>
   </div>
   <div class='ocr_carea' id='block_1_3' title="bbox 521 947 1098 1002">
    <p class='ocr_par' dir='ltr' id='par_1_3' title="bbox 521 947 1098 1002">
     <span class='ocr_line' id='line_1_13' title="bbox 521 947 1098 1002; baseline 0.002 -14"><span class='ocrx_word' id='word_1_89' title='bbox 521 960 598 1002; x_wconf 88' lang='lat' dir='ltr'>que</span> <span class='ocrx_word' id='word_1_90' title='bbox 632 947 886 989; x_wconf 80' lang='lat' dir='ltr'>determinati</span> <span class='ocrx_word' id='word_1_91' title='bbox 923 949 1098 989; x_wconf 65' lang='lat' dir='ltr'>fuerunt,</span> 
     </span>
    </p>
   </div>
   <div class='ocr_carea' id='block_1_4' title="bbox 521 1070 1779 1316">
    <p class='ocr_par' dir='ltr' id='par_1_4' title="bbox 521 1070 1779 1316">
     <span class='ocr_line' id='line_1_14' title="bbox 521 1070 1779 1235; baseline -0.012 -22"><span class='ocrx_word' id='word_1_92' title='bbox 521 1152 750 1234; x_wconf 85' lang='lat' dir='ltr'>Eclipsis</span> <span class='ocrx_word' id='word_1_93' title='bbox 793 1155 973 1212; x_wconf 79' lang='lat' dir='ltr'>solaris</span> <span class='ocrx_word' id='word_1_94' title='bbox 1016 1151 1069 1209; x_wconf 91' lang='lat' dir='ltr'>d.</span> <span class='ocrx_word' id='word_1_95' title='bbox 1103 1070 1176 1215; x_wconf 71' lang='lat'><em>1¹1².</em></span> <span class='ocrx_word' id='word_1_96' title='bbox 1223 1151 1412 1210; x_wconf 81' lang='lat' dir='ltr'>Martii</span> <span class='ocrx_word' id='word_1_97' title='bbox 1470 1171 1644 1235; x_wconf 84' lang='lat'>1774·</span> <span class='ocrx_word' id='word_1_98' title='bbox 1701 1156 1779 1214; x_wconf 67' lang='lat' dir='ltr'>vj-</span> 
     </span>
     <span class='ocr_line' id='line_1_15' title="bbox 615 1235 1680 1316; baseline -0.002 -19"><span class='ocrx_word' id='word_1_99' title='bbox 615 1241 699 1298; x_wconf 60' lang='lat' dir='ltr'>spe</span> <span class='ocrx_word' id='word_1_100' title='bbox 743 1237 1050 1296; x_wconf 79' lang='lat' dir='ltr'>obseruatio</span> <span class='ocrx_word' id='word_1_101' title='bbox 1093 1236 1375 1316; x_wconf 87' lang='lat' dir='ltr'>Petropoli</span> <span class='ocrx_word' id='word_1_102' title='bbox 1417 1235 1680 1296; x_wconf 79' lang='lat' dir='ltr'>instituta.</span> 
     </span>
    </p>
   </div>
   <div class='ocr_carea' id='block_1_5' title="bbox 592 1366 1702 1449">
    <p class='ocr_par' dir='ltr' id='par_1_5' title="bbox 592 1366 1702 1449">
     <span class='ocr_line' id='line_1_16' title="bbox 592 1366 1702 1449; baseline -0.002 -21"><span class='ocrx_word' id='word_1_103' title='bbox 592 1370 850 1430; x_wconf 53' lang='lat' dir='ltr'>Auctore</span> <span class='ocrx_word' id='word_1_104' title='bbox 893 1370 1006 1430; x_wconf 78' lang='lat' dir='ltr'>W,</span> <span class='ocrx_word' id='word_1_105' title='bbox 1055 1369 1120 1429; x_wconf 91' lang='lat' dir='ltr'>L.</span> <span class='ocrx_word' id='word_1_106' title='bbox 1169 1366 1353 1428; x_wconf 81' lang='lat' dir='ltr'>Krafft</span> <span class='ocrx_word' id='word_1_107' title='bbox 1396 1388 1518 1449; x_wconf 84' lang='lat' dir='ltr'>pag.</span> <span class='ocrx_word' id='word_1_108' title='bbox 1569 1369 1702 1445; x_wconf 80' lang='lat'><strong>568.</strong></span> 
     </span>
    </p>
   </div>
   <div class='ocr_carea' id='block_1_6' title="bbox 517 1515 1780 2196">
    <p class='ocr_par' dir='ltr' id='par_1_6' title="bbox 517 1515 1780 2148">
     <span class='ocr_line' id='line_1_17' title="bbox 519 1515 1778 1626; baseline 0 -59"><span class='ocrx_word' id='word_1_109' title='bbox 519 1515 702 1626; x_wconf 65' lang='lat' dir='ltr'>Quae</span> <span class='ocrx_word' id='word_1_110' title='bbox 734 1527 954 1568; x_wconf 83' lang='lat' dir='ltr'>recensetur</span> <span class='ocrx_word' id='word_1_111' title='bbox 989 1523 1054 1565; x_wconf 91' lang='lat' dir='ltr'>hic</span> <span class='ocrx_word' id='word_1_112' title='bbox 1087 1537 1106 1565; x_wconf 83' lang='lat' dir='ltr'>a</span> <span class='ocrx_word' id='word_1_113' title='bbox 1142 1521 1206 1565; x_wconf 88' lang='lat' dir='ltr'>Cl.</span> <span class='ocrx_word' id='word_1_114' title='bbox 1243 1525 1422 1567; x_wconf 59' lang='lat' dir='ltr'>Auctore</span> <span class='ocrx_word' id='word_1_115' title='bbox 1444 1554 1456 1574; x_wconf 90' lang='lat'><strong>,</strong></span> <span class='ocrx_word' id='word_1_116' title='bbox 1489 1523 1644 1578; x_wconf 83' lang='lat' dir='ltr'>eclipfis</span> <span class='ocrx_word' id='word_1_117' title='bbox 1676 1524 1778 1567; x_wconf 83' lang='lat' dir='ltr'>sola-</span> 
     </span>
     <span class='ocr_line' id='line_1_18' title="bbox 663 1588 1780 1640; baseline 0.001 -12"><span class='ocrx_word' id='word_1_118' title='bbox 663 1592 715 1629; x_wconf 92' lang='lat' dir='ltr'>ris</span> <span class='ocrx_word' id='word_1_119' title='bbox 747 1591 969 1630; x_wconf 74' lang='lat' dir='ltr'>obseruatio</span> <span class='ocrx_word' id='word_1_120' title='bbox 1012 1589 1052 1627; x_wconf 90' lang='lat' dir='ltr'>in</span> <span class='ocrx_word' id='word_1_121' title='bbox 1104 1588 1273 1640; x_wconf 80' lang='lat' dir='ltr'>priuatis</span> <span class='ocrx_word' id='word_1_122' title='bbox 1321 1589 1506 1635; x_wconf 80' lang='lat' dir='ltr'>aedibus,</span> <span class='ocrx_word' id='word_1_123' title='bbox 1558 1600 1578 1627; x_wconf 79' lang='lat' dir='ltr'><strong>a</strong></span> <span class='ocrx_word' id='word_1_124' title='bbox 1629 1589 1780 1640; x_wconf 82' lang='lat' dir='ltr'>specula</span> 
     </span>
     <span class='ocr_line' id='line_1_19' title="bbox 517 1652 1777 1694; baseline 0.001 -4"><span class='ocrx_word' id='word_1_125' title='bbox 517 1653 740 1694; x_wconf 77' lang='lat' dir='ltr'>academica</span> <span class='ocrx_word' id='word_1_126' title='bbox 778 1653 850 1693; x_wconf 87' lang='lat' dir='ltr'>vix</span> <span class='ocrx_word' id='word_1_127' title='bbox 884 1655 928 1693; x_wconf 84' lang='lat' dir='ltr'>ad</span> <span class='ocrx_word' id='word_1_128' title='bbox 966 1652 1090 1690; x_wconf 82' lang='lat' dir='ltr'>trium</span> <span class='ocrx_word' id='word_1_129' title='bbox 1129 1653 1383 1691; x_wconf 86' lang='lat' dir='ltr'>minutorum</span> <span class='ocrx_word' id='word_1_130' title='bbox 1420 1653 1679 1692; x_wconf 87' lang='lat' dir='ltr'>secundorum</span> <span class='ocrx_word' id='word_1_131' title='bbox 1699 1652 1777 1692; x_wconf 87' lang='lat' dir='ltr'>dif-</span> 
     </span>
     <span class='ocr_line' id='line_1_20' title="bbox 517 1713 1775 1765; baseline -0.001 -11"><span class='ocrx_word' id='word_1_132' title='bbox 517 1717 725 1756; x_wconf 80' lang='lat' dir='ltr'>ferentiam</span> <span class='ocrx_word' id='word_1_133' title='bbox 762 1719 893 1757; x_wconf 84' lang='lat' dir='ltr'>versus</span> <span class='ocrx_word' id='word_1_134' title='bbox 926 1718 1108 1755; x_wconf 81' lang='lat' dir='ltr'>occasum</span> <span class='ocrx_word' id='word_1_135' title='bbox 1141 1715 1336 1760; x_wconf 81' lang='lat' dir='ltr'>remotis,</span> <span class='ocrx_word' id='word_1_136' title='bbox 1379 1713 1425 1754; x_wconf 80' lang='lat' dir='ltr'>ab</span> <span class='ocrx_word' id='word_1_137' title='bbox 1457 1713 1541 1765; x_wconf 90' lang='lat' dir='ltr'>ipso</span> <span class='ocrx_word' id='word_1_138' title='bbox 1576 1715 1627 1754; x_wconf 83' lang='lat' dir='ltr'>est</span> <span class='ocrx_word' id='word_1_139' title='bbox 1664 1714 1775 1753; x_wconf 87' lang='lat' dir='ltr'>insti-</span> 
     </span>
     <span class='ocr_line' id='line_1_21' title="bbox 520 1775 1775 1830; baseline -0.001 -12"><span class='ocrx_word' id='word_1_140' title='bbox 520 1788 636 1828; x_wconf 80' lang='lat' dir='ltr'>tuta;</span> <span class='ocrx_word' id='word_1_141' title='bbox 671 1779 949 1830; x_wconf 79' lang='lat' dir='ltr'>praestantibus</span> <span class='ocrx_word' id='word_1_142' title='bbox 985 1779 1276 1826; x_wconf 81' lang='lat' dir='ltr'>instrumentis,</span> <span class='ocrx_word' id='word_1_143' title='bbox 1308 1778 1403 1818; x_wconf 87' lang='lat' dir='ltr'>tubo</span> <span class='ocrx_word' id='word_1_144' title='bbox 1422 1777 1609 1827; x_wconf 84' lang='lat' dir='ltr'>inprimis</span> <span class='ocrx_word' id='word_1_145' title='bbox 1629 1775 1775 1817; x_wconf 76' lang='lat' dir='ltr'>achro-</span> 
     </span>
     <span class='ocr_line' id='line_1_22' title="bbox 520 1838 1774 1895; baseline -0.001 -14"><span class='ocrx_word' id='word_1_146' title='bbox 520 1843 673 1881; x_wconf 83' lang='lat' dir='ltr'>matico</span> <span class='ocrx_word' id='word_1_147' title='bbox 709 1845 845 1883; x_wconf 87' lang='lat' dir='ltr'>decem</span> <span class='ocrx_word' id='word_1_148' title='bbox 883 1844 1027 1895; x_wconf 87' lang='lat' dir='ltr'>pedum</span> <span class='ocrx_word' id='word_1_149' title='bbox 1065 1838 1331 1891; x_wconf 77' lang='lat' dir='ltr'>Dollondian03</span> <span class='ocrx_word' id='word_1_150' title='bbox 1377 1848 1417 1879; x_wconf 87' lang='lat' dir='ltr'>et</span> <span class='ocrx_word' id='word_1_151' title='bbox 1450 1841 1605 1880; x_wconf 80' lang='lat' dir='ltr'>fauente</span> <span class='ocrx_word' id='word_1_152' title='bbox 1646 1839 1774 1880; x_wconf 88' lang='lat' dir='ltr'>coelo.</span> 
     </span>
     <span class='ocr_line' id='line_1_23' title="bbox 518 1899 1775 1954; baseline -0.002 -9"><span class='ocrx_word' id='word_1_153' title='bbox 518 1905 775 1945; x_wconf 85' lang='lat' dir='ltr'>Astronomis</span> <span class='ocrx_word' id='word_1_154' title='bbox 810 1908 848 1945; x_wconf 90' lang='lat' dir='ltr'>in</span> <span class='ocrx_word' id='word_1_155' title='bbox 883 1905 1153 1945; x_wconf 61' lang='lat' dir='ltr'>obseruatorro</span> <span class='ocrx_word' id='word_1_156' title='bbox 1189 1902 1282 1942; x_wconf 88' lang='lat' dir='ltr'>huic</span> <span class='ocrx_word' id='word_1_157' title='bbox 1318 1899 1407 1942; x_wconf 81' lang='lat' dir='ltr'>solis</span> <span class='ocrx_word' id='word_1_158' title='bbox 1439 1899 1572 1954; x_wconf 75' lang='lat' dir='ltr'>eclipsi</span> <span class='ocrx_word' id='word_1_159' title='bbox 1621 1901 1775 1953; x_wconf 88' lang='lat' dir='ltr'>inuigi-</span> 
     </span>
     <span class='ocr_line' id='line_1_24' title="bbox 517 1964 1776 2019; baseline -0.003 -12"><span class='ocrx_word' id='word_1_160' title='bbox 517 1965 688 2007; x_wconf 64' lang='lat' dir='ltr'>lantibus</span> <span class='ocrx_word' id='word_1_161' title='bbox 738 1971 788 2008; x_wconf 80' lang='lat' dir='ltr'>ob</span> <span class='ocrx_word' id='word_1_162' title='bbox 836 1970 994 2019; x_wconf 77' lang='lat' dir='ltr'>inopina</span> <span class='ocrx_word' id='word_1_163' title='bbox 1042 1966 1235 2006; x_wconf 82' lang='lat' dir='ltr'>obstacula</span> <span class='ocrx_word' id='word_1_164' title='bbox 1288 1964 1453 2002; x_wconf 86' lang='lat' dir='ltr'>initium</span> <span class='ocrx_word' id='word_1_165' title='bbox 1501 1975 1584 2003; x_wconf 82' lang='lat' dir='ltr'>eius</span> <span class='ocrx_word' id='word_1_166' title='bbox 1619 1975 1776 2006; x_wconf 85' lang='lat' dir='ltr'>cernere</span> 
     </span>
     <span class='ocr_line' id='line_1_25' title="bbox 517 2025 1775 2080; baseline -0.004 -9"><span class='ocrx_word' id='word_1_167' title='bbox 517 2042 597 2071; x_wconf 85' lang='lat' dir='ltr'>non</span> <span class='ocrx_word' id='word_1_168' title='bbox 635 2031 778 2079; x_wconf 76' lang='lat' dir='ltr'>licuit3</span> <span class='ocrx_word' id='word_1_169' title='bbox 809 2032 925 2069; x_wconf 85' lang='lat' dir='ltr'>cuius</span> <span class='ocrx_word' id='word_1_170' title='bbox 961 2038 1211 2070; x_wconf 84' lang='lat' dir='ltr'>momentum</span> <span class='ocrx_word' id='word_1_171' title='bbox 1233 2057 1243 2074; x_wconf 81' lang='lat'>,</span> <span class='ocrx_word' id='word_1_172' title='bbox 1281 2038 1372 2066; x_wconf 89' lang='lat' dir='ltr'>cum</span> <span class='ocrx_word' id='word_1_173' title='bbox 1409 2025 1596 2075; x_wconf 58' lang='lat' dir='ltr'>Auctor,</span> <span class='ocrx_word' id='word_1_174' title='bbox 1646 2039 1775 2080; x_wconf 82' lang='lat' dir='ltr'>quan-</span> 
     </span>
     <span class='ocr_line' id='line_1_26' title="bbox 518 2088 1773 2148; baseline -0.003 -14"><span class='ocrx_word' id='word_1_175' title='bbox 518 2102 608 2134; x_wconf 89' lang='lat' dir='ltr'>tum</span> <span class='ocrx_word' id='word_1_176' title='bbox 658 2094 821 2147; x_wconf 84' lang='lat' dir='ltr'>quidem</span> <span class='ocrx_word' id='word_1_177' title='bbox 844 2093 968 2148; x_wconf 50' lang='lat' dir='ltr'>wiolis</span> <span class='ocrx_word' id='word_1_178' title='bbox 1002 2093 1048 2131; x_wconf 77' lang='lat' dir='ltr'>ad</span> <span class='ocrx_word' id='word_1_179' title='bbox 1082 2089 1343 2131; x_wconf 85' lang='lat' dir='ltr'>horizontem</span> <span class='ocrx_word' id='word_1_180' title='bbox 1379 2088 1528 2130; x_wconf 75' lang='lat' dir='ltr'>vicinia</span> <span class='ocrx_word' id='word_1_181' title='bbox 1562 2090 1773 2140; x_wconf 78' lang='lat' dir='ltr'>conceffit‚</span> 
     </span>
    </p>

    <p class='ocr_par' dir='ltr' id='par_1_7' title="bbox 1622 2157 1768 2196">
     <span class='ocr_line' id='line_1_27' title="bbox 1622 2157 1768 2196; baseline -0.014 0"><span class='ocrx_word' id='word_1_182' title='bbox 1622 2157 1768 2196; x_wconf 67' lang='lat' dir='ltr'>admo-</span> 
     </span>
    </p>
   </div>
  </div>
 </body>
</html>
