1987 2600
613 129 1030 190 &emme-e<-
1368 128 1429 182 '47

447 241 499 314 P
551 238 1130 314 HYSICA.

764 375 801 434 Ι.

163 483 486 565 Descriptio
529 483 728 555 PisciS,
780 478 1291 559 e'Coregonorum
1337 500 1435 564 ge-

250 588 425 646 nere,
470 566 667 625 ruffice
712 563 1004 645 Riapucha
1046 564 1224 638 dieti,
1271 565 1353 624 hi-

496 649 704 707 storico
723 685 737 691 -
765 651 1101 708 anatomica.

188 780 447 842 Auctore
493 780 535 839 Ι.
592 778 673 838 T.
725 777 1070 838 Koelreuter
1109 802 1240 860 pag,
1296 801 1416 858 503,

287 934 566 989 escriptionem
619 930 660 973 in
712 929 785 972 hac
840 931 1130 973 Differtatione
1182 930 1244 974 Cl.
1281 932 1441 976 Auctor

158 932 283 1066 D
320 1000 483 1041 exhibet
520 997 669 1051 piscis,
717 997 760 1035 in
796 998 928 1038 Ruffia
966 996 1071 1038 baud
1111 997 1218 1046 rari,
1269 1010 1339 1039 nec
1374 1009 1441 1039 ta-

329 1074 420 1102 men
456 1061 647 1102 haetenus
679 1061 770 1100 satis
806 1061 1025 1114 descripti,
1075 1063 1119 1101 ad
1155 1072 1280 1112 genus
1313 1062 1440 1105 Core-

165 1137 367 1177 gonorum
407 1126 677 1179 pertinentis,
708 1126 773 1166 cui
806 1126 929 1165 etiam
962 1126 1213 1166 internarum
1246 1127 1441 1178 partium,

161 1193 375 1246 praecipue
425 1187 773 1240 abdominalium,
820 1189 1056 1230 zootomica
1104 1189 1318 1241 descriptio
1367 1190 1440 1231 ad-

163 1256 365 1308 iungitur.
396 1309 399 1310 ⁷
432 1253 576 1296 Maior
609 1253 764 1307 hepatis
797 1249 887 1306 pars'
920 1253 961 1293 in
997 1251 1315 1307 hypochondrio
1350 1252 1440 1295 sini-

163 1319 275 1371 stro,
308 1319 446 1360 minor
480 1318 521 1358 in
557 1319 701 1359 dextro
723 1347 735 1368 ,
767 1318 1028 1374 comparuit,
1061 1319 1167 1371 quod
1205 1318 1339 1372 pylori
1371 1331 1441 1372 ap-

161 1384 346 1438 pendices
382 1384 515 1436 potius
545 1382 806 1437 occupabant.
909 1382 1176 1424 Ventriculus
1213 1383 1254 1422 in
1307 1383 1442 1424 medio

159 1447 371 1488 abdomine
424 1446 547 1497 situs3
599 1446 680 1488 lien
728 1445 826 1490 huic
877 1459 956 1488 non
999 1447 1122 1488 modo
1153 1455 1194 1486 et
1226 1446 1442 1500 duodeno,

160 1512 223 1553 sed
258 1510 381 1550 etiam
417 1509 611 1564 peculiari
649 1510 793 1551 tractui
839 1510 1108 1563 pinguedineo
1156 1512 1347 1551 vasorum
1400 1520 1440 1551 et

162 1574 494 1615 membranarum
530 1585 607 1627 ope
642 1585 821 1615 annexus
853 1582 948 1614 erat.
1016 1573 1079 1615 cl.
1112 1572 1269 1615 Auctor
1306 1573 1443 1625 fingu-

161 1637 287 1680 larem
326 1637 647 1680 obseruationem
683 1638 801 1679 addit.
883 1636 933 1678 In
972 1638 1107 1679 tunica
1140 1646 1302 1678 externa
1336 1648 1441 1677 ven-

162 1701 303 1744 triculi
337 1703 636 1744 nonnullorum
681 1702 994 1743 indiuiduorum
1052 1700 1261 1742 tubercula
1314 1712 1438 1755 appa·

169 1766 307 1806 rebant
330 1766 591 1808 ·lentiformia
622 1766 839 1809 subrubella
863 1794 875 1815 ‚
925 1779 1025 1820 quae
1059 1765 1216 1807 dissecta
1265 1765 1437 1806 totidem

169 1825 394 1868 habitacula
428 1832 682 1873 ostenderunt
713 1831 865 1874 vermis
899 1829 1032 1872 Gordii
1065 1831 1232 1879 marini,
1282 1829 1323 1869 in
1356 1828 1438 1882 spi-

170 1901 259 1931 ram
293 1892 519 1933 conuoluti.
581 1894 640 1933 Et
672 1895 793 1936 radiis
825 1905 983 1948 quoque
1015 1893 1298 1937 branchiarum
1319 1892 1436 1931 fimi-

169 1953 223 1994 lia
258 1954 459 1997 tubercula
479 1984 492 2006 ‚
524 1951 732 1997 Gordium
765 1958 937 1998 fouentia
960 1987 973 2012 ,
1020 1959 1153 1999 innata
1188 1957 1239 1999 Cl
1276 1954 1436 1998 Auetot

164 2014 280 2060 vidit.

1373 2156 1433 2201 11.
