1987 2600
433 143 800 192 HARMONJAE
836 143 1156 193 mutemus.
1342 160 1434 202 ³43

159 264 202 309 Si
237 265 410 318 denique
441 274 462 304 a
505 263 600 304 sono
635 260 673 317 f
721 275 791 317 per
844 262 1010 304 tertiam
1063 261 1265 305 maiorem
1322 261 1364 304 in
1412 276 1442 306 a

158 330 356 374 transilire
387 337 609 383 oporteat,
669 327 711 369 id
744 327 821 370 hoc
859 328 984 370 modo
1014 326 1340 371 commodissime
1372 329 1438 371 es·

163 397 324 439 ficietur

237 467 294 524 s:
315 468 346 510 F
368 455 424 508 :Z
441 479 450 506 ε
470 480 496 509 a

264 545 288 574 2
314 546 324 574 ι
347 545 366 571 1

358 608 377 636 1
402 609 413 636 z
436 605 461 645 5

434 668 458 695 2
479 669 491 698 z
515 670 551 696 1.

315 755 386 797 18.
426 753 584 797 Merito
630 756 770 792 autem
824 749 978 792 sensum
1028 751 1191 794 auditus
1242 752 1325 794 iam
1381 752 1440 796 ita

158 819 413 876 perpolitum
446 818 520 860 esse
554 815 827 865 assumimus,
876 815 1195 859 vtrimmediate
1230 816 1443 859 interualla

153 888 321 939 quintae
342 917 354 937 ‚
387 894 552 938 quartae
585 892 625 922 et
660 880 800 921 tertiae
837 881 1005 922 maioris
1038 880 1187 937 assequi
1221 891 1264 924 et
1297 880 1443 922 sentire

155 950 319 1000 valeat,
355 951 409 990 ita
442 958 489 989 vt
523 946 597 988 hos
631 945 748 985 saltus
785 953 994 999 tamquam
1031 945 1233 1001 simplices
1263 944 1441 1000 spectare

159 1025 362 1067 queamus.
432 1013 480 1055 In
516 1022 659 1063 genere
694 1017 832 1050 autem
870 1009 1039 1051 Mufico
1079 1008 1440 1053 diatonico—chro-

154 1080 310 1120 matico
358 1090 437 1120 non
486 1077 533 1117 ab
580 1075 771 1116 omnibus
827 1074 931 1115 sonis
985 1086 1056 1129 per
1089 1072 1183 1115 haec
1216 1074 1437 1117 interualla

154 1143 325 1185 transire
359 1141 454 1183 licet
474 1170 488 1192 ‚
542 1141 734 1193 quoniam
770 1138 799 1178 ii
833 1139 916 1180 soni
950 1140 998 1182 ad
1031 1151 1132 1193 quos
1161 1138 1255 1180 esset
1289 1150 1446 1193 perue-

153 1208 349 1248 niendum
386 1208 428 1248 in
463 1205 590 1246 nostra
628 1203 724 1244 scala
759 1214 838 1242 non
871 1213 1124 1255 occurrunt,
1178 1203 1235 1243 ita
1267 1215 1340 1256 per
1373 1204 1445 1244 in-

151 1271 373 1313 teruallum
427 1271 590 1323 quintae
637 1268 685 1308 ab
732 1263 797 1305 his
831 1267 955 1307 tribus
987 1267 1090 1310 sonis
1124 1266 1183 1319 D,
1218 1267 1249 1308 F
1270 1278 1291 1306 s
1321 1275 1361 1305 et
1395 1265 1436 1308 B

147 1336 351 1377 ascendere
402 1347 484 1375 non
536 1333 633 1373 licet
667 1364 679 1383 ‚
737 1341 830 1372 tum
885 1345 987 1374 vero
1037 1343 1111 1385 per
1171 1329 1440 1373 interuallum

148 1411 314 1452 quartae
366 1411 387 1438 a
439 1398 542 1438 sonis
592 1397 640 1444 F,
677 1396 715 1435 A
766 1404 805 1434 et
839 1393 911 1437 Cis
944 1396 1150 1437 ascendere
1184 1407 1266 1437 non
1302 1393 1400 1437 licet
1422 1429 1437 1450 ,

148 1472 320 1517 tumque
354 1473 426 1516 per
460 1456 723 1512 interuallum
761 1459 904 1500 tertiae
938 1459 1103 1500 maioris
1135 1459 1182 1501 ab
1213 1458 1279 1500 his
1328 1472 1432 1514 qua-

148 1537 243 1568 tuor
277 1526 415 1575 sonis‚
451 1523 554 1573 Cis,
588 1521 693 1573 Gis,
724 1521 802 1563 Dis
835 1533 874 1564 et
910 1522 946 1564 13
987 1524 1190 1565 ascendere
1239 1536 1323 1565 non
1374 1524 1433 1565 li-

142 1600 206 1632 cet
233 1619 245 1639 ‚
288 1601 418 1643 neque
455 1601 554 1628 vero
590 1600 662 1641 per
698 1587 801 1628 idem
840 1586 1107 1629 interuallum
1144 1588 1376 1630 descendere
1408 1601 1435 1631 a

153 1655 256 1695 sonis
287 1656 338 1707 F,
370 1653 420 1704 C,
454 1650 493 1695 G
527 1662 567 1694 et
602 1652 666 1703 D3
698 1665 719 1693 a
757 1650 923 1704 reliquis
957 1665 1057 1694 vero
1089 1652 1279 1694 omnibus
1313 1663 1438 1707 prae.

151 1725 211 1758 ter
242 1717 313 1760 hos
347 1728 593 1759 memoratos
624 1718 686 1759 isti
721 1715 911 1758 tranfitus
941 1716 1169 1758 succedunt.

309 1809 388 1856 19?
413 1808 586 1863 Quando
617 1807 747 1857 igitur
780 1818 801 1846 a
833 1806 1028 1860 quopiam
1064 1806 1161 1849 sono
1205 1817 1279 1862 per
1319 1803 1432 1848 aliud

148 1873 418 1925 quodcunque
452 1869 717 1913 interuallum
752 1870 875 1910 fuerit
909 1869 979 1912 vel
1014 1871 1300 1912 ascendendum
1363 1868 1433 1911 vel

145 1937 491 1984 descendendum,
543 1935 580 1975 id
633 1931 814 1987 simplici
848 1931 950 1974 saltu
987 1934 1225 1989 neutiquam
1261 1933 1428 1987 exsequi

148 1999 246 2042 licet
267 2033 277 2052 ‚
310 2001 370 2043 sed
406 1997 621 2042 transitum
657 2009 727 2053 per
759 1997 855 2039 duos
888 1998 1076 2051 pluresue
1110 1997 1230 2040 saltus
1261 1996 1424 2049 simpli-

142 2076 204 2105 ces
238 2065 394 2106 institui
427 2063 643 2119 oportebit.
730 2061 824 2117 Quo
863 2072 1000 2104 autem
1034 2061 1270 2105 huiusmodi
1305 2061 1428 2121 saltus,

141 2129 387 2190 compositos
415 2130 565 2173 clarius
594 2128 646 2172 ob
675 2126 818 2170 oculos
851 2139 1081 2183 ponamus,
1107 2126 1229 2183 signis
1270 2124 1427 2169 idoneis

1228 2199 1419 2234 Vtamur:
