1987 2600
577 143 663 189 508
911 131 1253 177 DESCRIPTIO
1287 129 1454 175 PISCIS
1473 163 1484 184 ‚

575 250 663 289 dein
699 244 861 285 tramite
882 272 893 293 ,
927 245 993 285 sub
1026 245 1208 286 vlteriori
1247 246 1391 286 tractus
1424 241 1650 285 intestinalis
1681 245 1836 298 specie,

576 312 621 352 ad
655 320 776 348 anum
814 319 938 361 vsque
972 310 1218 350 excurrebat,

726 395 825 435 Lien
861 405 946 436 tam
983 397 1106 436 fundo
1145 393 1359 438 ventriculi
1394 409 1436 437 ac
1467 395 1684 444 duodeno,
1715 409 1836 450 quam

573 459 716 500 tractui
753 461 1047 511 pinguedineo‚
1098 461 1421 501 membranarum
1460 465 1723 516 *satorumque
1751 463 1838 504 san-

571 525 814 575 guineorum
845 534 921 576 ope
941 551 952 571 ‚
983 534 1197 564 connexus.

727 621 866 663 Laetes
899 623 1106 676 vtriusqne
1138 623 1303 673 lateris,
1359 626 1468 676 supra
1506 624 1678 666 mediam
1732 625 1838 679 ipsa-

573 695 668 725 rum
715 696 867 738 partem
891 717 902 736 ,
933 686 1128 726 crassiores
1163 687 1353 738 varioque
1388 687 1511 727 modo
1547 687 1715 728 sinuosae
1736 714 1747 736 ,
1781 691 1838 729 fa-

575 749 650 787 ciei
687 749 906 790 ventriculi
940 751 1105 802 posticae
1128 779 1139 797 ‚
1193 762 1400 801 aereaeque
1434 749 1582 790 vesicae
1614 750 1838 792 summitati

572 810 862 852 cohaerebant:
914 813 1076 852 dextrae
1128 811 1286 852 sinistris
1336 814 1496 852 latiores
1531 826 1573 852 ac
1607 814 1839 866 maiores,

573 874 758 926 flauoque
793 875 956 925 colore,
1010 877 1059 915 ob
1092 874 1287 915 vesiculae
1323 875 1456 914 felleae
1492 877 1684 915 viciniam
1706 905 1716 925 ,
1753 878 1838 917 tin-

573 937 669 979 stae.
751 937 810 977 lta
863 939 909 978 sc.
960 949 1072 978 erant
1113 939 1380 977 conformatae
1415 942 1543 979 mense
1581 939 1840 990 Nouembri,

571 1012 652 1054 quo
684 1010 894 1042 anatomeu
930 1000 1028 1042 hanc
1062 1004 1314 1054 [usceperam
1634 1004 1637 1006 ’

719 1098 857 1141 Vesica
895 1111 1005 1141 aerea
1043 1097 1247 1152 simplex,
1291 1111 1501 1152 vti-amque
1535 1101 1835 1142 extremitatem

570 1164 707 1204 versus
736 1164 951 1214 angustior.
1054 1162 1213 1202 Ductus
1247 1177 1382 1204 aereus
1418 1175 1495 1202 tres
1528 1165 1685 1202 circiter
1737 1175 1836 1215 qua-

573 1236 716 1265 tuorue
749 1227 870 1265 lineas
902 1227 1043 1274 longus
1065 1254 1076 1272 ,
1118 1226 1188 1263 vix
1224 1225 1330 1264 vltra
1364 1234 1546 1276 quartam
1582 1224 1702 1265 lineae
1739 1237 1836 1277 par-

573 1297 662 1328 tem
699 1287 831 1337 latus,
882 1287 1156 1338 oesophagum
1187 1318 1198 1337 ,
1245 1288 1284 1326 in
1319 1287 1497 1327 distantia
1532 1287 1604 1334 ὄψ’
1639 1289 1685 1328 ab
1719 1289 1835 1327 eius-

571 1351 663 1391 dem
716 1351 830 1400 fine,
879 1349 1078 1398 intrabat3
1139 1348 1204 1388 sub
1254 1349 1336 1400 ipso
1386 1349 1554 1400 ingr-effu
1606 1350 1835 1392 notabiliter

573 1412 817 1454 constrictus,

725 1505 852 1546 Renes
886 1504 1102 1546 secundum
1157 1516 1282 1548 totam
1333 1509 1554 1549 abdominis
1605 1509 1837 1559 longitudi··

575 1578 668 1607 nem
704 1569 854 1608 extenfi
876 1595 887 1617 >
915 1582 936 1609 a
972 1575 1128 1610 lumina
1162 1571 1206 1610 ad
1244 1573 1368 1612 imam
1405 1585 1527 1625 vsque
1563 1584 1717 1626 partem
1755 1574 1837 1611 sen-

574 1629 649 1670 sim
703 1632 989 1685 decrescentes,
1041 1646 1087 1673 ac
1138 1646 1157 1672 a
1209 1633 1317 1686 spina
1369 1636 1472 1676 dorfi
1520 1638 1562 1676 in
1594 1638 1692 1677 duos
1724 1634 1834 1688 quasi

575 1694 776 1734 distinetos
812 1695 926 1737 diuifi
951 1727 962 1746 .,
1014 1698 1270 1738 extremitate
1304 1699 1488 1739 inferiore
1532 1701 1572 1738 in
1625 1699 1833 1739 vrethram

576 1756 640 1797 seu
678 1758 841 1799 ductum
875 1760 1101 1800 vrinarium
1136 1773 1399 1802 communem
1423 1792 1433 1812 ‚
1466 1761 1626 1802 orificio
1663 1764 1731 1803 suo
1767 1774 1834 1815 po-

578 1832 628 1859 ne
661 1821 930 1862 vesicularum
965 1822 1214 1864 seminalium
1253 1824 1395 1865 ostium
1455 1836 1693 1878 patentem,
1740 1824 1833 1867 desi·

577 1883 729 1923 nebant.
799 1886 938 1926 Vesica
974 1887 1145 1927 Vtin-aria
1166 1916 1176 1936 ‚
1211 1900 1281 1940 qua
1316 1900 1410 1928 vere
1441 1899 1547 1928 caret
1582 1890 1724 1941 pisci52
1757 1890 1832 1929 im-

575 1949 741 2000 proprie
775 1949 843 1990 iste
875 1951 1076 1992 diceretur
1096 1982 1108 2003 ‚
1139 1963 1233 1993 cum
1271 1950 1385 1992 valde
1418 1953 1633 2004 angustus,
1666 1965 1736 1994 nec
1766 1949 1833 1992 vl-

580 2008 615 2049 la
649 2022 762 2065 parte
792 2012 889 2055 liber
925 2013 982 2054 fit.

1714 2140 1832 2183 Peri*
