1987 2600
557 181 650 229 506
887 167 1230 216 DESCRIPTIO
1281 167 1451 215 PISCIS
1476 203 1489 222 ,

547 289 670 331 latior
706 297 745 326 et
778 282 971 334 craffior‚
1023 282 1208 324 inferiora
1242 278 1375 324 versu's
1412 283 1572 324 tenuior
1605 296 1646 324 ac
1687 299 1816 339 angu-

548 353 655 393 stior.
740 347 787 387 In
842 346 1152 401 hypochondrio
1200 347 1342 388 dextro
1377 348 1610 400 appendices
1645 351 1816 406 pylori‚

547 424 718 467 quarum
754 412 954 464 plurimae
988 423 1066 450 non
1099 411 1230 450 solum
1267 422 1392 452 totam
1440 411 1657 451 ventriculi
1709 415 1816 453 sum-

550 478 735 518 mitatem
785 475 1049 524 obtegebant,
1097 475 1157 513 sed
1212 476 1332 513 etiam
1386 476 1433 514 ad
1466 474 1570 514 latus
1602 477 1687 514 eius
1721 476 1819 516 fini-

547 541 675 582 strum
714 538 1031 578 deflcCtebantur.
1102 536 1311 577 Maximus
1369 545 1502 576 tamen
1554 551 1691 579 earum
1741 552 1820 579 nu·

552 613 687 644 merus
721 602 910 641 dextrum
948 599 1165 641 ventriculi
1200 600 1302 639 latus
1337 601 1579 653 occupabat,
1619 614 1668 641 cx
1699 603 1821 644 abdo-

552 667 676 707 minis
709 666 796 704 imo
828 667 1052 705 anti-orsum
1086 676 1130 703 ac
1166 662 1325 716 oblique
1353 663 1536 703 deorsum
1588 664 1788 706 flexarum
1811 697 1823 718 ,

552 731 671 782 inque
709 727 783 767 situ
823 727 994 768 naturali
1043 726 1216 779 apicibus
1267 736 1427 766 tantum
1475 729 1600 768 caecis
1659 731 1823 780 promi-

551 794 752 833 nentium.
818 791 1105 844 Appendicum
1144 790 1319 840 barum,
1369 789 1545 829 maxime
1580 792 1819 833 inferiorum

553 855 825 896 extremitates
859 855 897 893 in
932 854 1108 892 decimae
1145 852 1208 892 vel
1243 855 1474 892 vndecimae
1507 853 1700 893 costarum
1752 857 1819 896 vi-

550 919 660 959 cinia
685 949 696 968 ,
731 920 775 957 ad
815 917 1030 956 ventriculi
1068 916 1171 954 bafin
1205 915 1509 967 conspiciendae.
1594 916 1716 965 Latus
1748 930 1821 958 au-

554 991 640 1022 tem
675 980 895 1020 ventriculi
931 981 1111 1019 anticum
1145 988 1215 1026 et,
1274 979 1399 1031 quoad
1446 978 1671 1018 maximam
1728 993 1823 1032 par-

554 1054 638 1084 tem
673 1054 831 1096 quoque
868 1042 1064 1082 sinistrum
1090 1072 1102 1093 ‚
1141 1042 1294 1081 nudum
1329 1041 1549 1096 apparebat.
1614 1043 1700 1096 lpse
1725 1056 1823 1085 ven-

553 1105 719 1148 triculus
753 1106 794 1147 in
828 1104 963 1146 medio
992 1105 1201 1146 abdomine
1233 1103 1341 1146 fituS.

708 1192 816 1233 Infra
852 1189 971 1232 huius
1004 1190 1108 1231 basin
1145 1189 1347 1231 substantia
1400 1191 1588 1242 quaedam
1641 1205 1664 1231 c
1711 1192 1822 1232 fusco

554 1256 695 1297 rubens
718 1284 730 1304 ‚
765 1255 842 1294 lien
880 1256 925 1293 se.
961 1254 1161 1293 eminebat
1186 1281 1196 1299 ‚
1244 1253 1359 1289 cuius
1394 1253 1556 1290 interno
1588 1250 1699 1291 lateri
1735 1263 1819 1293 tra-

557 1318 644 1357 &us
678 1317 966 1369 pinguedineus
998 1343 1012 1364 ‚
1061 1313 1167 1352 reeta
1199 1314 1312 1366 super
1348 1313 1518 1353 vesicam
1554 1326 1709 1354 aeream
1746 1327 1819 1355 ex-

557 1382 722 1430 tensus,
769 1377 985 1427 contiguus
1030 1385 1126 1415 etat.
1211 1376 1258 1414 ln
1310 1374 1620 1425 hypochondrio
1666 1377 1820 1420 sinistro

556 1442 676 1483 lactes
705 1441 884 1481 eiusdem
921 1437 1088 1484 lateris,
1139 1435 1207 1475 sub
1236 1435 1329 1476 lobo
1382 1436 1538 1489 hepatis
1586 1438 1700 1489 supra
1747 1440 1820 1479 de·-

555 1505 705 1556 scripto
741 1503 874 1553 primo
909 1499 948 1538 in
984 1497 1240 1550 conspeetum
1278 1499 1485 1539 veniebant
1510 1529 1522 1546 ,
1574 1497 1694 1539 initio
1726 1504 1820 1552 qui-

555 1569 650 1609 dem
686 1564 829 1606 crassae
851 1592 862 1612 ‚
895 1561 1033 1603 sensim
1067 1573 1165 1602 vero
1200 1561 1418 1614 sensimque
1451 1572 1672 1602 attenuatae
1692 1592 1705 1613 ,
1740 1566 1818 1603 ite·

555 1640 731 1682 rumque
767 1627 924 1668 tandem
961 1625 1069 1666 mole
1104 1625 1358 1665 increscentes
1382 1655 1394 1673 ‚
1443 1628 1573 1665 forma
1623 1626 1817 1679 quodam·

557 1694 685 1734 modo
735 1689 1009 1742 triangulares.
1104 1688 1293 1728 Laetium
1347 1689 1579 1729 dextrarum
1643 1689 1818 1731 minima

556 1766 718 1798 tantum
754 1766 840 1807 pars
874 1752 974 1793 visui
1009 1751 1192 1804 patebat,
1245 1763 1462 1804 earumque
1494 1751 1608 1791 lateri
1660 1754 1819 1794 interno

557 1820 791 1862 intestinum
829 1815 933 1856 resta
968 1815 1148 1855 deorsum
1185 1817 1392 1854 extensum
1430 1813 1617 1867 parallelo
1649 1816 1716 1857 sub
1766 1814 1818 1855 st·

557 1891 604 1923 tu
641 1881 826 1934 proxime
858 1879 1068 1919 adiacebat.
1135 1878 1315 1930 Haecque
1350 1879 1457 1926 sunt,
1489 1889 1587 1930 quae
1616 1879 1661 1919 de
1694 1879 1817 1921 visce-

565 1946 674 1988 ribus
707 1944 747 1983 in
782 1941 858 1982 situ
895 1941 1065 1982 naturali
1097 1940 1250 1982 relictis
1281 1940 1437 1985 dicenda
1471 1940 1604 1983 habeo.

713 2043 938 2085 Visceribus
971 2044 1142 2085 exemtis
1166 2075 1177 2095 ,
1220 2041 1458 2095 singulisque
1488 2042 1645 2086 seorfim
1682 2037 1813 2084 confi-

557 2106 729 2160 deratis,
780 2106 904 2164 hepar
937 2107 1077 2163 primo
1106 2107 1150 2149 in
1180 2105 1273 2148 duas
1320 2115 1451 2162 partes
1470 2136 1483 2160 ‚
1530 2108 1710 2150 dextram
1761 2103 1813 2145 sc.

1674 2178 1811 2208 mino·
