1987 2600
553 150 648 197 ,259
932 135 1033 184 DE
1094 136 1430 184 CENTRO

551 259 845 315 proprietatem
867 282 879 305 ,
932 259 1040 310 quod
1090 269 1238 314 nempe
1285 258 1551 304 oscillationes
1600 262 1818 319 corporisg

549 328 655 367 circa
686 334 805 364 axem
843 320 1144 366 horizontalem
1177 336 1246 378 per
1278 336 1465 368 centrum
1501 327 1655 368 virium
1694 330 1814 372 vina-

549 399 644 429 rum
679 388 945 428 transeuntem
984 390 1193 443 priorique
1227 390 1293 430 axi
1329 389 1567 445 parallelum
1589 421 1601 443 ‚
1635 389 1819 435 smtbra-

547 449 852 502 chystochronae
883 460 1003 504 atque
1034 455 1131 494 adeo
1180 453 1298 493 citius
1350 454 1639 508 perficiantur,
1689 467 1818 510 quam

548 514 576 557 fi
610 516 650 556 in
684 526 920 569 quocunque
951 514 1032 556 alio
1064 527 1136 558 axe
1173 515 1442 571 perficiantur.
1521 520 1700 560 Vocctur
1734 522 1818 564 iam

544 580 725 621 distantia
758 578 888 620 centri
923 579 1081 621 virium
1124 581 1314 622 viuarum
1359 594 1380 624 a
1420 593 1560 625 centro
1607 584 1820 636 grauitatis

545 658 663 694 :a3
697 653 787 684 tum
821 641 850 683 fi
883 655 1030 698 corpus
1064 646 1177 698 snper
1218 645 1335 686 omni
1379 645 1462 689 alio
1509 659 1582 688 axe
1637 649 1820 701 praefatis

544 705 741 762 parallelo
773 714 813 748 et
855 705 1100 749 horizontali
1138 709 1373 757 oscilletur,
1419 709 1527 751 cuius
1570 711 1751 750 distantia
1791 723 1816 752 a

541 781 686 812 centro
717 771 925 823 grauitatis
957 771 1111 811 dicatur
1148 771 1210 821 A,
1245 772 1511 812 demonstraui
1545 773 1629 814 fore
1661 773 1815 813 distan-

543 835 647 877 tiam
680 834 805 875 centri
839 831 1130 887 osculationis,
1185 845 1262 885 pro
1312 832 1526 886 hypothesi
1579 836 1812 873 communia

541 897 769 938 velocitatis
799 895 1001 948 angularis
1031 910 1074 939 ε
1099 898 1136 935 Α
1157 895 1324 954 -ι-ἕῑαι
1376 895 1473 937 haec
1515 894 1812 949 simpliciffima

540 973 718 1015 formula
751 973 942 1013 omnium
977 971 1031 1012 est
1062 965 1383 1010 commodissima
1416 977 1534 1021 atque
1568 981 1639 1022 per
1674 971 1709 1010 se
1745 971 1812 1011 in-

539 1035 660 1085 dicat,
695 1037 802 1088 quod
832 1044 1020 1075 centrum
1055 1031 1318 1074 osculationis
1345 1040 1387 1072 et
1417 1032 1615 1085 pund’cum
1650 1033 1811 1086 suspen-

537 1097 657 1140 fionis
689 1097 764 1139 sint
796 1099 878 1138 duo
911 1098 1056 1141 nancta
1088 1093 1364 1138 conuertibilia
1398 1093 1453 1137 ita
1480 1124 1492 1146 ,
1553 1105 1600 1137 vt
1631 1106 1813 1151 Vtroque

538 1164 667 1205 modo
694 1160 964 1204 oscillationes
997 1162 1175 1203 eiusdem
1209 1157 1433 1201 durationis
1464 1158 1746 1213 perficiantur.

689 1246 731 1290 Si
768 1258 844 1301 pro
871 1258 1042 1299 corpore
1076 1244 1237 1299 sphaera
1274 1240 1527 1292 homogenea
1560 1244 1810 1297 accipiatur,

535 1309 651 1352 cuius
703 1310 837 1351 radius
887 1321 995 1358 εν,
1045 1306 1094 1348 fit
1137 1300 1354 1354 azrV}
1387 1314 1427 1344 et
1460 1304 1642 1346 distantia
1674 1307 1806 1349 centri

535 1374 797 1416 osculationis
829 1372 1114 1435 :Aq-lsr—A‘
1147 1382 1267 1425 atque
1300 1367 1328 1408 fi
1363 1368 1501 1407 eadem
1549 1369 1707 1419 sphaera
1759 1371 1806 1412 in

535 1445 617 1500 ipsa
653 1449 718 1487 sua
751 1445 958 1499 superficie
990 1446 1110 1486 fuerit
1145 1443 1350 1496 suspensa,
1380 1442 1456 1481 erit
1490 1441 1671 1483 distantia
1705 1453 1809 1484 cen-

535 1511 590 1550 tri
625 1508 887 1552 oscillationis
918 1514 1054 1560 :392
1141 1507 1223 1549 Pro
1256 1506 1369 1556 virga
1403 1505 1509 1545 resta
1545 1506 1803 1547 vniformiter

533 1573 651 1626 graui
686 1572 734 1614 fit
764 1568 1011 1623 α-ῑΙῨὶ,
1049 1572 1113 1613 vbi
1155 1571 1174 1613 l
1210 1567 1620 1619 semilongitudinem
1665 1571 1805 1620 virgae

532 1637 726 1685 denotat,
766 1637 941 1689 adeoque
971 1636 1151 1677 distantia
1184 1631 1314 1676 centri
1347 1630 1609 1670 oscillationis
1639 1642 1660 1671 a
1695 1643 1804 1685 pun-

532 1699 601 1741 ἂο
640 1698 896 1754 suspensionis
935 1711 1010 1751 pro
1051 1698 1166 1751 virga
1207 1693 1450 1738 verticaliter
1484 1695 1657 1745 suspensa
1690 1696 1804 1737 :A‘

532 1768 594 1810 -l-
616 1758 672 1826 'LEA
706 1763 735 1805 fi
769 1764 881 1814 virga
915 1762 1022 1804 recta
1054 1774 1076 1802 a
1112 1761 1344 1803 summitate
1376 1759 1441 1798 sua
1475 1757 1598 1798 fuerit
1640 1759 1801 1813 suspen-

531 1837 599 1888 sa,
632 1837 700 1880 fiet
734 1838 828 1881 haec
858 1838 1035 1885 distantia
1066 1852 1118 1879 z
1140 1840 1156 1887 ς
1175 1833 1198 1877 l.

681 1928 714 1976 (5.
749 1939 791 1977 4.
824 1925 890 1968 Sic
924 1925 1084 1978 igitur,
1135 1935 1210 1978 pro
1244 1919 1463 1975 hypothesi
1497 1918 1713 1972 rigiditatis
1753 1919 1796 1962 in

532 1996 620 2030 toto
661 1991 898 2044 systemate,
946 2001 1007 2031 res
1053 1996 1135 2029 tota
1182 1983 1406 2028 breuissime
1456 1984 1707 2034 expeditur‚·
1753 1991 1796 2025 at

530 2061 633 2092 vero
664 2065 760 2094 cum
797 2053 918 2095 filum
951 2062 1099 2104 corpus
1131 2050 1360 2101 suspendens
1394 2048 1436 2088 in
1489 2046 1663 2101 puncto,
1712 2057 1795 2099 quo

529 2114 579 2156 ad
612 2116 647 2156 se
698 2116 878 2158 inuicem
928 2113 1253 2166 εοηηεᾶυηωε,
1299 2111 1559 2154 inflexionem
1610 2107 1799 2214 patituf,

1635 2174 1736 2226 prob
1752 2183 1792 2213 e-
