1987 2600
374 132 413 175 E
455 129 916 178 COREGONORVM
961 131 1221 179 GENERE.
1346 151 1437 189 507

171 247 405 295 minorem,
463 244 744 299 sinistramque
792 248 928 300 paulio
978 249 1174 289 maiorem
1228 248 1441 301 diuisum,

164 321 206 351 et
259 309 364 363 quasi
417 310 624 349 cordatum
678 318 775 349 erat.
874 311 1063 352 Concaua
1115 311 1236 365 ipsius
1289 314 1442 366 facies,

164 376 422 415 membranae
457 383 534 425 ope
559 402 571 421 ‚
626 373 821 414 ridicibus
855 375 1127 428 appendicum
1174 376 1436 449 primarum,

164 450 267 492 quae
301 440 450 489 pyloro
485 438 676 490 proxime
709 436 885 485 adstant,
918 450 1084 479 annexa.

316 526 497 566 Vcficula
535 526 635 566 fellis
665 528 782 567 valde
817 527 1001 577 oblonga.
1081 526 1240 568 Ductus
1293 525 1439 568 chole-

160 589 311 630 dochus
347 591 433 630 satis
467 589 657 640 amplus,
707 590 881 630 sinistrae
930 590 1083 643 hepatis
1136 590 1314 644 portioni
1369 601 1438 628 at-

160 652 326 693 stiffi‘ne
359 652 572 691 adhaerens
596 680 608 700 ‚
655 662 700 690 ac
740 653 843 691 inter
878 654 1106 705 appendices
1138 653 1277 706 pylori
1314 655 1437 706 supe-

158 716 283 755 riores
316 714 529 762 deflexus,
563 713 795 753 duodenum
819 742 831 763 ,
869 716 907 755 in
944 716 1124 756 distantia
1159 717 1280 756 vnius
1311 715 1436 758 circi—

158 788 221 819 ter
254 776 378 817 lineae
413 777 458 816 ab
491 777 575 816 eius
610 777 814 831 principio
838 805 850 825 ‚
883 779 1067 818 intrabat.

310 872 565 927 Oesophagus
617 873 685 914 sub
739 871 1051 925 diaphragmate
1111 865 1197 910 10⁶¹
1257 868 1435 923 longus,

162 933 235 982 :2¹¹¹
272 936 403 989 latus,
454 949 496 978 ac
533 939 730 989 inferius,
781 937 849 979 sub
879 934 1051 988 ingressu
1087 936 1155 993 suo
1189 934 1232 974 in
1268 934 1435 976 ventri-

155 999 298 1040 tulum
323 1029 336 1049 ,
369 1002 615 1043 incuruatuS.

309 1082 581 1125 Ventriculus
613 1081 843 1125 substantiae
892 1078 1091 1122 firmioris
1139 1090 1183 1118 ac
1234 1075 1434 1117 rubicun-

156 1144 313 1193 dietis,
360 1145 436 1192 73⁰¹
472 1147 617 1198 longus
649 1159 693 1186 ac
732 1143 806 1194 23¹¹
841 1145 946 1186 latus
970 1177 981 1196 ‚
1032 1140 1300 1195 diaphragma
1336 1150 1430 1177 ver-

154 1208 216 1247 sus
250 1208 526 1250 reflectebatur
546 1206 570 1257 ,’
593 1208 899 1260 oesophagoque
934 1206 1197 1248 incumbebat.
1298 1200 1434 1243 Sum-

155 1271 276 1311 mitas
330 1272 454 1326 ipsius
504 1273 609 1314 circa
661 1271 860 1324 pylorum
924 1271 1059 1310 obtusa
1120 1277 1160 1307 et
1218 1264 1431 1309 coarctata,

154 1334 376 1389 Vtriusque
399 1366 411 1385 ‚
461 1347 545 1378 tam
580 1335 828 1388 oesophagi,
877 1346 995 1387 quam
1031 1329 1255 1372 ventriculi
1291 1330 1432 1380 super-

154 1395 268 1436 ficies
301 1400 472 1437 interior
505 1401 616 1449 rugis
657 1400 833 1450 quinque
884 1394 1239 1447 longitudinalibus
1286 1391 1430 1432 distin-

155 1460 218 1501 ἀπ
239 1487 253 1510 ,
285 1473 415 1514 quae,
459 1472 582 1502 muco
617 1460 773 1506 tenaci,
829 1469 910 1511 quo
943 1459 1120 1500 obtectae
1155 1466 1299 1504 erant,
1354 1456 1430 1494 ab-

154 1524 300 1573 sterso,
333 1527 516 1577 optimae
547 1524 896 1577 conspiciebantur.
995 1521 1252 1575 Principium
1288 1516 1428 1571 pylori

153 1599 254 1639 ruga
288 1600 309 1628 e
342 1591 548 1630 contrario
581 1589 804 1629 transuersa
838 1589 1060 1627 munitum.

304 1680 560 1733 Appendices
592 1677 729 1732 pylori
768 1685 911 1725 LXXI,
942 1670 1195 1725 longituiine
1232 1681 1256 1707 2
1280 1690 1318 1698 —
1347 1665 1427 1722 3¹‘';

153 1739 302 1781 harum
339 1746 506 1795 triginta
537 1742 696 1782 circiter
732 1741 795 1783 illi
830 1739 901 1794 ipsi
936 1736 1186 1780 circumsitae
1210 1764 1222 1785 ‚
1270 1744 1427 1774 ceterae.

153 1814 255 1845 vero
288 1820 430 1848 omnes
463 1808 507 1845 ad
545 1809 610 1845 sex
643 1807 767 1847 lineas
801 1815 926 1858 vsque
975 1801 1145 1844 duodeni
1195 1797 1426 1839 summitati

153 1879 175 1908 a
208 1868 330 1909 latere
363 1870 562 1923 appensae.

305 1962 550 2004 Duodenum
586 1961 692 2002 circa
727 1957 892 2000 initium
928 1956 1136 2012 amplius,
1188 1951 1277 1991 inde
1326 1961 1426 1992 vero

153 2023 294 2066 sensim
331 2025 550 2077 sensimque
582 2024 814 2075 angustius,
866 2034 969 2074 pone
1020 2017 1209 2073 posticam
1265 2015 1424 2053 ventri-

154 2089 237 2129 culi
271 2092 412 2132 faciem
447 2089 742 2143 paululumque
777 2085 1036 2126 dextrorsum
1070 2081 1223 2122 flexum
1247 2107 1259 2128 ,
1311 2076 1423 2118 ree'to

765 2150 792 2194 S
812 2162 828 2190 s
846 2161 862 2189 s
900 2163 924 2190 2
1330 2142 1422 2183 dein
