1987 2600
326 206 329 208 ,
386 147 612 198 sonis
677 145 1146 196 PETROPOL'T.
1306 165 1396 207 ⁵79

134 268 416 311 maximorum
454 269 482 308 P
503 269 549 318 Β,
582 269 624 308 ’Π
645 267 681 307 L
706 265 765 318 M,
801 270 838 307 II
860 266 904 316 D
927 264 996 314 N,
1029 275 1200 317 tumque
1249 277 1298 306 ex
1351 266 1398 315 D

131 335 171 375 in
206 332 297 373 HL
336 332 522 373 demissus
575 331 834 381 intelligatur
883 342 1000 370 arcus
1054 329 1246 370 annualis
1296 330 1397 380 Ἑλ,

132 397 180 440 ln
217 398 356 438 Tomo
389 396 551 437 Nouor.
586 393 823 437 comment.
857 393 954 434 XV.
989 392 1184 435 formulas
1218 393 1299 433 iam
1335 408 1404 437 at-

132 460 241 513 tuli,
291 473 464 515 quarum
499 471 575 513 ope
596 488 607 508 ,
657 467 766 498 certa
798 458 966 499 affumta
999 458 1262 512 proportione
1295 458 1403 502 inter

130 538 250 567 axem
287 526 466 567 Telluris
494 533 535 565 et
567 523 819 564 diametrum
878 523 1134 576 aequatoris‚
1184 534 1260 575 pro
1307 524 1403 566 dato

129 591 277 644 quouis
308 588 488 630 Telluris
522 586 646 638 loco,
682 588 842 638 cognita
876 587 962 627 eius
999 586 1268 639 Latitudine‚
1298 588 1403 630 defi-

128 654 211 694 nixi
247 653 404 705 poffunt
451 662 567 693 arcus
599 650 693 702 Pz,
728 662 797 691 nec
830 662 910 690 non
943 650 1058 692 valor
1091 652 1191 692 radii
1223 663 1275 691 ex
1309 665 1405 694 cen-

130 727 195 758 tro
232 715 410 756 Telluris
443 716 489 755 ad
524 714 663 755 locum
700 713 936 767 spectatoris
964 714 1090 756 dusti.
1174 715 1218 758 Si
1251 715 1402 758 scilicet

128 780 233 820 ratio
268 779 376 820 inter
431 791 551 819 axem
603 776 787 819 Telluris
821 786 860 817 et
892 778 1143 820 diametrum
1178 781 1404 832 aequatoris

129 842 389 895 exprimatur
425 841 560 882 littera
594 854 631 893 n,
665 855 682 882 ε
713 853 814 882 vero
844 842 1022 894 designet
1056 842 1255 883 rationem
1298 845 1401 887 radii

129 906 312 948 Telluris
343 909 390 948 ad
425 907 776 948 semidiametrum
809 907 1036 960 aequatoris
1057 937 1070 959 ,
1102 906 1249 948 ibidem
1268 908 1401 950 osten-

128 973 168 1014 di
202 973 285 1012 fore
307 983 317 1010 ι

191 1046 286 1088 Cot.
307 1045 335 1086 P
354 1057 381 1086 z
401 1060 454 1088 z
474 1038 511 1086 n²
530 1046 622 1089 Cot.
641 1047 671 1089 P
694 1043 734 1089 Z
785 1055 824 1088 et
860 1061 876 1088 ε
893 1063 944 1090 z
963 1040 1232 1119 szn.{›i'²2't¹‡0j⁷ssz
1247 1091 1266 1110 z

128 1132 176 1173 de
211 1134 355 1184 quibus
387 1136 576 1177 formulis
628 1137 879 1185 tenendum,
929 1140 1036 1191 quod
1091 1137 1217 1193 polita
1269 1137 1401 1188 figura

128 1193 308 1248 Telluris
343 1196 624 1248 Sphaeroidica
659 1203 793 1249 rigore
826 1200 1087 1243 Geometrico
1123 1202 1280 1255 prorsus
1325 1201 1402 1243 sint

125 1270 247 1300 verae
270 1289 283 1309 ,
333 1256 407 1298 nec‘
454 1258 583 1301 vllam
618 1262 791 1303 omnino
824 1264 1038 1305 inuoluant
1070 1265 1401 1318 approximatio-

126 1333 240 1363 nem.
308 1319 524 1363 Caeterum'
557 1326 762 1366 breuitatis
795 1329 922 1377 gratia
945 1357 957 1378 ‚
1003 1340 1098 1369 cum
1134 1327 1281 1369 llluflr.
1316 1329 1399 1370 Eu-

127 1385 204 1427 lero
238 1385 436 1438 punstum
475 1384 513 1426 Z
547 1388 686 1427 zenith
721 1400 911 1440 apparens
941 1401 980 1430 et
1015 1391 1213 1444 parietum
1255 1405 1280 1432 z
1328 1404 1401 1432 ze-

128 1447 219 1489 nith
255 1459 400 1488 verum
434 1448 634 1504 adpellare
674 1449 816 1491 liceret
839 1482 850 1502 ‚
884 1451 956 1492 nisi
990 1453 1106 1493 aliter
1137 1456 1269 1495 visum
1308 1458 1400 1495 fuis-

127 1512 182 1553 set
216 1511 285 1552 alii
323 1513 487 1554 cuidam
523 1513 819 1556 Mathematico
841 1546 852 1566 ‚
903 1515 971 1569 qui
1005 1515 1104 1558 hanc
1157 1517 1397 1571 adpellatio-

129 1587 222 1617 nem
258 1577 521 1630 incongruam
557 1577 734 1620 iudicare
769 1580 946 1622 videtur.

280 1678 320 1714 9.
356 1664 437 1707 Pro
468 1665 636 1718 singulis
671 1665 782 1707 horis
815 1667 922 1708 intra
955 1679 1050 1722 quas
1079 1668 1240 1710 duratio
1285 1668 1398 1710 Ecli-

128 1726 206 1782 psis
241 1740 309 1780 per
342 1740 475 1772 totum
509 1731 647 1770 orbem
684 1741 882 1772 terrarum
915 1735 1050 1782 cadit,
1099 1745 1395 1787 computentur

127 1792 342 1844 Latitudo‚
367 1793 553 1836 Ascenfio
587 1795 721 1845 recia,
759 1795 985 1838 Declinatio
1026 1798 1160 1838 Lunae
1193 1810 1287 1838 cum
1322 1811 1396 1839 an·-

128 1856 229 1909 gulo
265 1857 476 1909 positionis
506 1857 627 1897 huius
660 1860 767 1900 Astri
808 1862 845 1899 Π
868 1859 949 1902 LP
970 1891 983 1910 ‚
1017 1873 1087 1902 nec
1123 1875 1201 1902 non
1239 1866 1395 1903 Alcen-

128 1920 187 1960 fio
221 1919 327 1960 resta
362 1920 500 1971 Solis;
552 1919 647 1961 hinc
681 1923 790 1963 enim
826 1936 896 1976 per
946 1925 1190 1966 variationes
1239 1926 1390 1967 horum

129 1983 444 2025 Elementorum
479 1984 643 2036 fingulis
696 1984 806 2027 horis
852 1989 1233 2041 correspondentes,
1282 1989 1394 2032 facile

129 2057 321 2087 eruentur
375 2061 516 2090 eornm
568 2047 723 2090 valores
771 2063 848 2102 pro
899 2053 1071 2104 qualibet
1123 2054 1393 2094 obseruatione

127 2111 340 2166 proposita.
423 2112 575 2155 Eadem
626 2126 725 2155 vero
761 2114 974 2157 Elementa
1008 2129 1166 2172 quoque
1199 2131 1275 2174 pro
1310 2118 1389 2157 sin-

693 2176 737 2220 D
757 2178 823 2221 dd
841 2179 866 2219 d
904 2194 929 2222 2
1280 2180 1389 2236 gulis
