1987 2600
396 1672 480 1710 Tab.
504 1674 558 1708 lx.

422 1725 493 1769 Fig.
523 1736 552 1759 1-

577 167 663 218 578
869 155 1238 201 OBSERVATIO
1288 153 1536 198 ECLIPSIS
1561 153 1563 157 ’

573 275 752 316 vationrs
800 269 1029 322 Eclipfium
1083 268 1216 319 Solis,
1267 281 1366 324 quae
1417 282 1509 323 prae
1547 269 1705 324 vulgari
1740 272 1831 318 Me-

576 340 699 380 thodo
724 333 1014 385 -Nouagesimi
1066 334 1207 374 multis
1268 334 1496 375 nominibus
1557 338 1833 380 commendati

575 410 786 447 meretum
838 399 1092 450 postmodum
1131 408 1261 438 tamen
1296 400 1463 451 iuueni,
1512 398 1614 441 hauc
1670 399 1835 442 Metho-

573 466 671 504 dum
708 465 753 503 ad
797 463 928 502 multo
979 464 1176 502 maiorem
1226 461 1453 501 facilitatem
1503 474 1544 504 et
1598 464 1836 509 breuitatem

575 528 703 578 redigi
738 526 838 579 possu
860 555 872 575 ,
923 526 1149 578 praesertim
1185 525 1252 564 vbi
1287 526 1559 578 plurimarum
1593 529 1835 570 obseruatio-

576 603 675 631 nuzn
711 599 929 641 computus
964 591 1153 629 ineundus
1186 588 1249 627 est.
1332 589 1690 644 Quemadmodum
1723 593 1835 632 euim

577 667 654 707 pro
690 666 767 694 vna
804 654 868 691 vel
903 652 1025 693 altera
1067 653 1338 693 obseruatione
1378 657 1647 706 computanda
1670 685 1682 704 ‚
1731 656 1841 695 arbi-

577 718 750 758 trarium
780 718 859 755 fere
880 717 1012 758 haberi
1034 717 1183 770 poterit
1204 745 1215 766 ,
1247 728 1364 768 quam
1387 718 1475 769 quis
1494 717 1641 768 eligere
1659 714 1837 759 voluerit

581 781 860 830 Mettiodum3
909 783 965 821 ita
1016 783 1114 821 dum
1168 780 1458 821 obseruationes
1496 793 1666 821 numero
1703 781 1839 834 plures

581 844 622 884 in
658 852 903 896 computum
937 845 1162 891 ducendae,
1214 844 1252 882 in
1287 854 1333 882 eo
1375 845 1581 894 praecipue
1632 843 1844 884 elaboran-

581 909 680 948 dum
716 908 790 948 effe
824 909 1017 957 videtur,
1064 917 1109 947 vt
1146 908 1175 947 ii
1210 905 1386 955 calculi,
1435 908 1502 958 qui
1542 919 1614 959 pro
1654 908 1842 947 omnibus

580 971 923 1011 obseruationibus
958 970 1043 1011 viui
1077 969 1150 1009 effe
1185 968 1342 1022 possunt
1365 999 1376 1019 ,
1428 969 1588 1010 seorsim
1643 970 1841 1009 instruan-

583 1043 684 1083 tur;
715 1047 762 1074 ne
792 1033 941 1075 scilicet
975 1033 1170 1075 necessum
1206 1031 1256 1072 fit
1288 1045 1364 1086 pro
1397 1030 1563 1085 singulis
1600 1035 1843 1075 obseruatio-

583 1097 734 1148 nibus,
783 1097 947 1138 inutiles
994 1108 1036 1138 et
1078 1097 1266 1139 taediosas
1297 1095 1546 1137 calculorum
1579 1098 1842 1151 repetitiones

583 1161 803 1202 instituere.
888 1163 933 1202 In
967 1174 1016 1203 co
1048 1163 1177 1213 igitur
1210 1161 1474 1215 praecipuum
1512 1161 1708 1201 meritum
1741 1160 1846 1200 Me-

583 1224 699 1264 thodi
732 1226 812 1264 iam
846 1225 1132 1266 adumbrandae
1162 1222 1334 1263 consistit
1354 1251 1367 1271 ,
1418 1230 1465 1260 vt
1495 1221 1612 1260 certis
1654 1223 1843 1275 praesup-

586 1286 726 1341 positis
754 1288 918 1327 calculis
948 1285 1293 1332 Elementaribus,
1348 1281 1420 1335 qui
1456 1295 1530 1335 pro
1561 1284 1747 1324 omnibus
1776 1284 1846 1323 ob·

585 1349 869 1391 seruationibus
900 1348 1068 1398 valent,
1116 1357 1225 1386 totus
1258 1354 1479 1396 computus
1508 1345 1750 1395 parallaxeos
1794 1346 1844 1388 ad

587 1411 871 1454 resolutionem
924 1411 1043 1450 vnius
1092 1408 1284 1458 trianguli
1331 1406 1540 1461 Spliacrici
1599 1407 1847 1461 reducatur,

587 1484 714 1526 vtque
747 1471 944 1514 formulae
978 1485 1052 1525 pro
1085 1470 1350 1512 Parallaxibus
1383 1470 1668 1522 Longitudinis
1698 1482 1739 1513 et
1769 1471 1847 1513 La·

589 1536 776 1579 titudinis
808 1536 998 1590 lingulati
1029 1535 1287 1591 simplicitate
1321 1536 1357 1576 se
1389 1534 1689 1577 commendent.

748 1669 788 1706 8.
821 1664 883 1707 Sit
916 1661 1047 1706 Pzz
1079 1662 1338 1706 Meridianus
1369 1661 1446 1704 loci
1469 1693 1482 1713 ‚
1519 1663 1562 1705 in
1597 1673 1680 1717 quo
1711 1662 1848 1704 obser·

595 1728 707 1771 vatio
755 1729 889 1782 aliqua
923 1729 1123 1781 Eclipseos
1157 1726 1260 1769 Solis
1295 1727 1392 1768 faeta
1427 1726 1592 1768 habetur
1614 1758 1626 1777 ,
1667 1726 1698 1766 P
1732 1726 1846 1780 polus

594 1792 819 1845 aequatoris
840 1824 852 1844 ,
904 1790 943 1833 Z
978 1790 1113 1832 zenith
1147 1790 1268 1830 huius
1301 1791 1383 1831 loci
1416 1801 1456 1831 et
1488 1802 1515 1830 z
1551 1790 1747 1844 punctum
1780 1788 1846 1830 vbi

595 1856 702 1897 recta
753 1867 825 1909 per
877 1864 1065 1895 centrum
1116 1852 1272 1894 telluris
1330 1863 1370 1893 et
1421 1854 1556 1895 locum
1589 1852 1848 1895 obseruatoris

595 1919 712 1960 dueta
751 1918 973 1959 meridiano
1004 1916 1156 1959 coelesti
1189 1916 1380 1958 occurrit.
1452 1917 1512 1959 Sit
1562 1927 1760 1970 praeterea
1808 1916 1846 1955 Π

598 1981 714 2035 polus
764 1981 1011 2034 Eclipticae‚
1060 1980 1097 2021 L
1145 1979 1258 2022 locus
1311 1980 1445 2020 Lunae
1478 1992 1626 2031 verus,
1664 1981 1710 2032 ὃ
1740 1979 1849 2019 locus

598 2047 683 2085 eius
714 2057 902 2098 apparens
936 2054 1099 2098 propter
1131 2044 1317 2085 effectum
1353 2042 1631 2097 Parassueos,
1681 2045 1715 2086 B
1735 2043 1778 2083 M
1800 2039 1847 2081 N

597 2105 801 2162 Ecliptica
848 2119 890 2151 et
941 2109 1053 2151 duesti
1099 2107 1373 2162 concipiantur
1423 2119 1538 2150 arcus
1594 2106 1848 2150 circulorum

1712 2178 1850 2211 maxi-
