1987 2600
575 132 665 182 248
864 119 866 121 ’
958 122 1058 169 DE
1120 115 1450 167 CENTRO

571 242 757 284 effectum
796 239 835 278 in
868 235 1123 290 longitudine
1162 237 1395 285 mensurae,
1445 245 1521 289 qua
1570 243 1741 278 vtuntut
1788 233 1837 277 ad

574 304 862 348 dimetiendam
897 302 1194 352 longitudinem
1229 301 1290 342 fili
1337 308 1518 341 accurate
1564 298 1840 341 determinan-

575 372 667 410 dam
701 367 873 419 aliasque
918 364 1197 406 huiuscemodi
1249 363 1592 411 circumstantias,
1641 371 1840 415 vtcunque

575 432 714 484 exigui
754 430 988 480 momenti,
1036 431 1203 483 quisque
1237 441 1312 482 pro
1361 431 1430 469 suo
1480 426 1629 480 ingenii
1670 426 1840 466 modulo

574 504 613 535 et
649 497 689 536 iu
727 493 980 547 experiundo
1022 492 1360 545 scrupulositate,
1414 491 1532 545 probe
1580 489 1860 545 perpendunt:

579 559 651 599 His
683 559 871 599 omnibus
903 556 1088 598 adhibitis
1120 555 1282 597 cautelis
1337 557 1508 609 denique
1556 555 1810 607 cognoscitur
1833 583 1846 605 ,

579 635 660 663 non
696 622 825 662 solum
860 630 1054 674 quotu-am
1091 619 1309 674 pendulum
1345 618 1598 673 propositum
1631 616 1845 659 confecerit

579 689 673 728 dato
708 695 889 738 tempore
923 684 1185 725 oscillationes
1218 682 1278 722 sed
1315 693 1354 722 et
1394 692 1591 733 quotnam
1643 680 1844 734 perchtu-

582 762 672 790 rum
709 747 865 796 fuiffit‚
921 747 946 786 si
986 747 1104 786 filum
1140 745 1314 785 adhiberi
1347 743 1533 798 potuisset
1566 745 1700 784 omniS
1747 754 1844 794 gra-

582 813 719 853 vitatis
751 821 889 862 expers
911 841 922 861 ‚
957 808 985 848 st
1022 808 1272 849 excursiones
1308 807 1470 860 penduli
1508 820 1550 846 re
1583 818 1677 846 vera
1715 806 1843 847 veluti

583 876 738 916 infinite
776 886 917 926 paruae
950 871 1131 922 fuissent,
1163 871 1190 911 si
1227 871 1334 909 calor
1377 869 1517 908 datum
1549 867 1846 920 habuiss‘ctgra-

583 941 681 980 dum
706 970 716 990 ,
754 937 780 976 si
816 939 884 976 a'er
918 937 1050 976 omnis
1084 933 1260 974 abfuisset
1294 943 1364 973 etc.
1429 933 1540 971 Haec
1573 935 1709 972 omnia
1765 933 1848 972 vti-

585 1015 663 1056 qne
698 1000 905 1040 rcc'tiffime
940 1003 974 1037 {e
1010 998 1183 1047 habent3
1217 1007 1256 1037 at
1289 997 1394 1050 quod
1416 1025 1428 1045 ,
1464 995 1665 1048 rrliquum
1698 998 1774 1046 eil,
1807 997 1848 1037 id

585 1065 839 1120 potissimum
874 1061 1105 1114 scrupulum
1143 1072 1293 1100 mouet.
1392 1059 1555 1101 Scilicet
1592 1061 1631 1099 in
1669 1059 1848 1113 pendulo

586 1127 796 1184 proposito
831 1126 1041 1179 inquirunt
1078 1126 1116 1165 in
1151 1135 1339 1165 centrum
1376 1122 1663 1172 osculationis,
1721 1125 1850 1164 secun-

585 1194 685 1233 dum
743 1190 847 1241 leges
896 1199 1138 1228 communes
1186 1200 1206 1226 a
1261 1199 1411 1237 magno
1444 1186 1630 1237 Hugenio
1666 1187 1848 1239 primum

587 1256 767 1297 inuentas
817 1261 857 1292 et
907 1252 1184 1292 demonstratas
1237 1261 1406 1303 tumque
1464 1249 1686 1289 distantiam
1747 1248 1852 1290 inter

587 1319 786 1373 punctum
823 1313 1075 1366 suspensionis
1110 1316 1406 1366 praefatumque
1452 1322 1639 1353 centrum
1689 1310 1854 1352 oscilla-

588 1381 712 1424 tionis
749 1390 821 1432 pro
855 1389 950 1418 vera
985 1377 1240 1428 longitudine
1276 1375 1434 1429 penduli
1456 1373 1652 1426 simplicis
1672 1373 1854 1414 isochro-

591 1447 631 1486 ni
666 1443 881 1483 assumunt.
946 1440 1053 1494 Quid
1089 1452 1189 1479 vero
1221 1440 1266 1479 de
1303 1439 1374 1480 hac
1427 1439 1572 1478 vltima
1624 1438 1857 1491 operatione

592 1506 829 1550 censendum
880 1503 958 1554 fit,
1018 1503 1203 1544 constitui
1235 1504 1273 1542 in
1307 1501 1377 1543 hac
1413 1501 1576 1544 diatriba
1609 1502 1658 1542 ad
1693 1512 1858 1542 accura-

594 1581 678 1614 tam
713 1568 909 1609 trutinam
950 1570 1198 1619 perpendere.

744 1635 777 1681 §.
818 1644 855 1671 2.
893 1631 938 1670 In
973 1630 1125 1670 theoria
1160 1626 1470 1670 Oscillationum
1506 1627 1736 1678 Hugeniana
1785 1627 1858 1679 sy—

595 1697 757 1740 stemata
790 1691 1014 1734 oscillantia
1049 1694 1344 1746 supponuntur,
1376 1703 1476 1744 quae
1508 1692 1548 1731 in
1569 1691 1735 1742 singulis
1753 1702 1860 1744 pun-

597 1762 674 1802 etis
707 1759 882 1810 figuram
916 1757 1025 1796 suam
1064 1756 1234 1809 perfecte
1267 1755 1502 1795 conseruant
1536 1755 1608 1806 ita,
1641 1766 1687 1795 vt
1722 1764 1861 1795 omnes

599 1825 723 1866 totius
755 1821 971 1874 systematis
1005 1829 1131 1874 partes
1163 1818 1379 1860 communi
1417 1828 1532 1859 motu
1565 1818 1748 1869 angulari
1783 1818 1863 1858 cir-

600 1901 641 1930 ca
677 1896 793 1927 axem
833 1885 1040 1924 rotationis
1093 1885 1305 1933 ferantur,
1356 1882 1460 1922 inter
1492 1876 1769 1922 'osculandum
1822 1880 1861 1922 id

603 1953 710 1993 idem
758 1950 1009 1999 contingeret
1055 1947 1096 1988 in
1147 1946 1319 1996 nostris,
1369 1957 1464 1997 quas
1512 1945 1865 1993 examinabimus,

602 2013 944 2058 osculationibus,
993 2009 1021 2051 st
1057 2009 1147 2051 loco
1180 2009 1239 2049 fili
1274 2006 1422 2049 flexilis
1457 2008 1709 2050 adhiberetur
1741 2005 1862 2047 filum

605 2076 783 2130 rigidum
823 2073 989 2129 corpori
1036 2073 1090 2114 ita
1131 2071 1309 2114 infixum
1333 2101 1346 2124 ‚
1395 2082 1442 2114 vt
1488 2072 1610 2115 fimul
1657 2070 1774 2113 filum
1824 2078 1865 2111 et

1714 2144 1865 2190 corpus
