1987 2600
357 149 1206 206 OSCILLATIONIS.
1324 148 1417 206 ‘257‘

298 281 331 331 §.
367 288 409 328 7.
445 277 493 319 In
518 285 696 329 'vtraque
728 271 938 323 formula,
982 270 1282 322 longitudinem
1318 280 1426 323 pen-

146 345 234 388 duli
274 342 467 398 fimplicis
498 343 755 397 exprimente
777 371 789 392 ,
836 338 976 381 eadem
1008 336 1189 377 occurrit
1222 334 1425 389 quantitas

148 409 330 451 radicalis
350 436 362 458 ,
409 419 508 461 quae
542 407 682 459 vtique
716 417 798 447 tarn
831 400 1079 445 affirmatiue
1109 410 1235 455 quam
1267 397 1427 451 negati-

150 487 203 515 τε
238 474 366 527 accipi
392 472 536 525 potest.
604 471 715 512 Patet
749 469 916 518 exinde,
950 477 1119 520 corpora
1152 478 1175 506 e
1202 461 1279 506 ‚filo
1296 460 1430 504 flexili

150 539 330 590 suspensa
383 535 533 577 duobus
586 536 716 576 modis
769 531 1033 574 oscillationes
1093 532 1178 571 suas
1236 526 1431 581 perficere

148 601 258 656 posse
283 633 294 653 ‚
327 610 502 654 quarum
536 597 879 651 configurationes
913 597 961 637 ab
998 594 1178 636 inuicem
1213 591 1331 634 valde
1364 590 1433 651 diff

152 669 287 707 versae
325 665 401 704 fint
442 672 622 714 quaeque
676 659 855 710 singulae
908 658 1063 700 ratione
1115 655 1342 711 temporis,
1390 655 1433 697 in

151 728 339 781 quamuis
372 723 669 764 oscillationem
714 722 878 761 iniumti
900 751 913 771 ,
966 721 1175 772 insigniter
1215 720 1436 772 differant,

146 789 182 832 ‚fi
218 801 295 827 non
332 787 377 827 ad
411 797 542 826 vnum
578 785 828 839 eundemque
865 782 1035 824 modum
1058 785 1305 839 pertineant:
1343 794 1433 825 tan-

149 861 196 893 ιο
228 852 359 903 magis
392 851 538 891 exinde
573 848 788 901 elucescit,
820 848 925 903 quod
960 850 1023 889 sua
1054 847 1192 889 indole
1224 856 1313 887 toto
1344 861 1438 890 coe-

147 914 196 958 lo
229 916 414 957 differant
460 911 727 957 oscillationes
771 912 924 959 nostrae
967 924 1043 967 pro
1085 911 1160 953 filo
1209 910 1336 951 flexili
1391 913 1438 953 ab

150 979 469 1021 osci'llationibns
501 979 775 1021 communiter
818 976 1000 1019 assumtis
1053 990 1128 1031 pro
1179 974 1255 1016 filo
1305 975 1438 1033 rigido

150 1045 217 1085 seu
273 1043 481 1087 inflexibili
506 1076 515 1093 ,
568 1044 672 1097 quod
707 1055 855 1096 nempe
888 1043 930 1083 in
965 1041 1050 1082 solo
1084 1039 1238 1095 puncto
1270 1040 1439 1094 suspen-

154 1107 274 1149 sionis
313 1121 340 1149 a
385 1108 605 1149 flexionem
656 1108 856 1149 admittat.
943 1108 1174 1156 Attamen,
1228 1102 1303 1144 hac
1355 1115 1438 1145 non

156 1172 332 1214 obstante
374 1171 638 1224 diuersitire,
691 1172 879 1225 primum
928 1169 1230 1212 oscillationum
1285 1166 1443 1208 nostra-

153 1248 251 1277 rum
283 1247 432 1287 genus,
465 1239 509 1277 ad
546 1248 735 1277 normam
772 1233 927 1286 figurae
964 1234 1124 1288 primae
1155 1233 1444 1285 formatarum,

152 1312 301 1355 parum
338 1300 560 1341 admodum
597 1299 727 1342 differt
769 1300 833 1341 sua
875 1298 1089 1339 duratione
1130 1295 1177 1337 ab
1216 1293 1445 1337 oscillatio-

155 1365 271 1405 nibus
307 1364 559 1416 Hngenianis
579 1392 591 1414 ,
622 1377 721 1419 quae
756 1363 862 1405 ratio
895 1359 970 1404 effe
1001 1363 1199 1413 videtur,
1231 1359 1339 1414 quod
1371 1370 1445 1401 ne-

155 1440 230 1469 mo
266 1428 397 1469 adhuc
419 1456 431 1477 ,
465 1437 665 1482 quantum
702 1428 867 1480 quidem
903 1427 1013 1477 scio,
1059 1425 1189 1467 vllam
1224 1423 1442 1466 diuersita-

157 1499 242 1530 tem
279 1493 495 1545 suspicatus
532 1491 606 1542 fit,
641 1492 875 1544 praesertim
912 1490 953 1530 in
990 1491 1228 1543 corporibus
1258 1497 1440 1543 quorum

156 1554 317 1606 integer
367 1553 455 1597 axis
509 1554 646 1596 multo
697 1556 834 1595 minor
884 1556 1006 1596 fuerit
1058 1554 1314 1608 longitudine
1366 1549 1444 1593 fili.

155 1620 299 1672 Atque
334 1617 428 1662 haec
463 1632 532 1660 me
569 1620 706 1660 mouit
742 1619 850 1660 ratio
871 1650 882 1669 ,
916 1628 964 1659 vt
998 1619 1038 1660 id
1074 1618 1277 1659 examinis
1311 1618 1352 1658 in
1378 1627 1447 1656 me

157 1683 398 1736 susciperem
420 1715 430 1735 ,
482 1684 638 1724 visurus
672 1683 770 1736 quid
806 1682 985 1724 calculus
1013 1682 1257 1724 discriminis
1293 1680 1446 1722 indicet

158 1757 202 1786 et
233 1758 278 1786 an
315 1747 476 1787 vilain
531 1747 833 1789 determinanda
887 1759 982 1790 vera
1033 1747 1289 1799 longitudine
1342 1756 1449 1798 pen-

163 1809 251 1849 duli
288 1808 483 1860 simplicis
515 1811 715 1851 isochroni
749 1812 794 1851 ad
831 1812 993 1852 minuta
1036 1812 1196 1852 secunda
1250 1807 1448 1849 vibrantis

163 1871 375 1913 diuersitas
411 1872 598 1912 sensibilis
631 1874 722 1913 inde
755 1885 831 1926 pro
865 1875 1038 1925 globulis
1069 1874 1255 1928 suspensis
1307 1871 1444 1911 mino-

165 1937 279 1980 ribus
311 1935 413 1976 oriri
447 1936 579 1976 debeat
613 1948 685 1977 nec
717 1933 807 1976 ne?
857 1938 1034 1979 Postulat
1080 1937 1161 1978 hoc
1213 1935 1447 1975 institutum

169 2011 346 2048 meum,
399 2007 447 2038 vt
498 1998 659 2040 seorsim
714 2000 825 2053 prius
877 2012 997 2053 agam
1050 2001 1098 2043 de
1129 1998 1448 2043 oscillationibus

169 2061 455 2118 principalibus
489 2064 760 2116 tardioribus,
800 2064 946 2117 quibus
979 2065 1151 2106 inseruit
1185 2064 1347 2115 signum
1381 2063 1447 2104 su-

171 2130 335 2182 perius,
370 2128 525 2180 quando
554 2128 665 2179 signa
688 2127 895 2181 ambigua,
916 2126 977 2178 ss
1005 2130 1072 2170 vel
1097 2133 1156 2184 :h
1183 2128 1419 2169 occurrunt.

236 2190 542 2234 Toni-XVIII.
558 2191 853 2235 Nou-Corum.
1011 2194 1045 2234 Κ
1067 2194 1094 2234 k
1389 2192 1457 2236 De
