1987 2600
565 168 624 211 16
877 162 981 208 DE
1041 160 1513 213 SINGVLARI

564 273 760 331 positiui;
809 275 1023 318 videantur
1071 274 1316 329 problemata
1371 276 1602 321 Bossutiana
1645 275 1683 330 ἐ.
1719 291 1759 330 4.
1794 289 1826 330 ‘7

559 349 608 380 et
644 344 692 389 8,
723 351 819 392 quae
853 339 932 392 ipsa
966 349 1105 380 tamen
1133 340 1203 380 sub
1257 339 1334 380 alia
1380 343 1473 382 facie
1523 352 1621 383 cum
1673 343 1827 385 theoria

568 403 696 443 nostra
729 402 887 456 egregie
921 402 1160 456 conspirant.
1225 403 1359 445 Aliter
1391 405 1427 446 se
1456 416 1515 445 res
1545 404 1660 445 habet
1694 407 1732 446 in
1770 408 1829 447 se·

568 466 699 506 riebus
723 495 734 516 ‚
784 477 884 520 quae
936 478 960 506 a
1005 466 1264 518 dignitatibus
1311 469 1538 508 formantur
1586 469 1831 520 imparibuez

569 527 642 568 hae
675 530 784 570 enim
820 529 996 581 periodis
1028 530 1199 581 gaudent
1220 559 1231 579 ,
1283 542 1381 583 quae
1413 540 1521 571 certa
1554 542 1647 570 cum
1698 530 1832 571 rel-'tri-

568 590 705 631 ctione
736 593 888 632 iterum
922 591 1219 641 annihilantur-3
1250 590 1330 634 huc
1363 594 1563 646 pertinent
1591 592 1834 646 problemata

570 652 798 696 Boffutiana
838 665 860 703 5
895 664 935 694 et
967 658 1022 706 6,
1052 654 1195 707 quibus
1225 654 1304 694 alia
1337 655 1486 695 similia
1519 656 1722 708 superaddi
1739 667 1835 710 pos-

554 715 668 757 sent.
757 716 846 770 Ipsa
878 728 980 758 vero
1020 715 1256 756 annihilatio
1287 716 1528 771 plerumque
1559 729 1609 759 ex
1642 718 1721 758 sola
1751 728 1835 759 ter-

573 779 786 821 minorum
821 778 954 830 genesi.
985 789 1056 831 per
1088 780 1126 819 se
1158 787 1278 831 patet.
1343 777 1409 821 Ita
1438 780 1485 820 in
1513 782 1610 821 seri-e
1646 778 1834 831 timavum,

571 853 720 894 nempe
755 840 824 880 sm.
844 852 871 894 q
893 846 931 886 -i-
951 838 1020 880 fin.
1044 855 1066 880 2
1089 852 1114 892 q
1132 847 1170 887 -1-
1191 840 1259 882 sm.
1283 851 1311 888 3·
1329 852 1356 893 q
1371 849 1411 887 ÷
1431 852 1499 883 erc.
1514 871 1526 892 ,
1560 842 1695 896 quiuis
1749 853 1837 883 ter-

570 904 711 944 minus
740 904 922 945 eiusdem
956 903 1112 956 periodi
1146 903 1185 942 in
1219 905 1335 944 omni
1390 905 1583 959 exemplo
1628 906 1837 946 numerico

573 966 692 1007 suum
726 965 843 1008 habet
877 967 1109 1006 terminum·
1140 964 1288 1006 socium
1330 966 1395 1006 sub
1444 966 1565 1019 {igno
1604 968 1836 1019 contrario,

578 1028 664 1070 fiue
696 1040 884 1070 numerus
914 1029 1157 1069 termiorntn
1184 1028 1217 1080 f
1239 1029 1360 1069 fuerit
1413 1042 1483 1083 par
1535 1030 1618 1071 fiue
1669 1032 1805 1085 impar
1824 1060 1837 1082 ,

576 1102 620 1132 et
651 1093 851 1146 quoniam
884 1089 913 1132 fi
949 1091 1085 1145 impar
1113 1091 1169 1132 est
1189 1119 1202 1140 ‚
1236 1091 1432 1133 terminus
1463 1093 1570 1134 socio
1601 1096 1718 1135 orbus
1738 1096 1840 1135 sem-

577 1164 649 1208 per
683 1154 730 1194 fit
762 1168 887 1203 zo,
921 1163 1032 1206 patet
1066 1154 1272 1195 neceffario
1304 1158 1491 1207 quamuis
1526 1157 1740 1210 periodum
1791 1155 1839 1196 ad

577 1215 761 1257 nihilum
793 1217 942 1258 reduci.
1028 1216 1124 1258 Imo
1155 1217 1380 1256 etiamnum
1428 1219 1715 1260 annihilabitur
1769 1231 1839 1272 pe·-

581 1279 719 1320 rioilus
741 1309 755 1331 ,
804 1279 835 1320 si
867 1280 1043 1320 cuiusuis
1076 1279 1243 1320 termini
1275 1279 1423 1320 fimilis
1466 1283 1620 1323 functio
1667 1281 1839 1335 accipia-

581 1350 682 1393 tur,
729 1353 831 1397 quae
882 1341 1038 1393 {ignum
1092 1342 1268 1384 termino
1308 1341 1530 1397 praefixum
1564 1355 1651 1385 non<
1680 1353 1843 1393 mutet;

579 1405 698 1457 Ergo
728 1415 769 1446 et
800 1404 1075 1446 annihilantur
1097 1405 1250 1458 periodi
1268 1405 1308 1445 in
1329 1406 1425 1447 serie
1444 1400 1736 1461 (siin.q)³‘÷(sm.
1752 1400 1841 1459 aq)s

580 1462 964 1521 ÷(fin.3q)'÷etc.
1030 1467 1169 1508 Aliter
1198 1468 1234 1507 se
1266 1477 1328 1506 res
1361 1468 1493 1520 habet,
1526 1469 1556 1509 ss
1576 1468 1841 1510 dimensioni.-

583 1531 656 1572 bus
690 1531 907 1582 imparibus
939 1530 1220 1571 substituantur
1257 1541 1368 1582 pares
1387 1560 1401 1580 ,
1446 1531 1538 1585 quia
1570 1541 1668 1573 tunc
1702 1527 1869 1574 omnes'

584 1592 756 1634 termini
791 1593 1006 1634 neceffario
1037 1592 1143 1633 fiunt
1181 1592 1451 1643 affirmatiui,
1504 1594 1608 1633 vnde
1655 1595 1807 1648 periodi
1829 1619 1870 1642 ‚‚

583 1656 772 1710 quamuis
800 1657 959 1697 eaedem
993 1663 1202 1696 recurrant
1219 1680 1239 1703 ,.
1264 1665 1342 1695 non
1373 1654 1645 1696 annihilantur
1681 1657 1843 1712 sedkpo-

585 1719 666 1760 tius
693 1717 856 1761 eandem
889 1720 1036 1773 vbique
1066 1720 1269 1758 summam
1302 1719 1507 1770 formant3
1540 1730 1639 1770 engo
1670 1717 1745 1761 hae
1785 1720 1841 1760 se·-

585 1783 666 1824 ties
697 1781 738 1822 in
773 1781 982 1822 infinitum
1013 1782 1299 1832 continuatae,
1333 1781 1535 1822 summam
1569 1782 1719 1823 faciunt
1747 1781 1845 1822 infi-

585 1846 735 1894 nitam,
768 1855 840 1885 nec
871 1857 995 1898 porro
1026 1843 1071 1884 ad
1104 1853 1390 1896 argumentum
1426 1845 1606 1886 nostrum
1633 1845 1846 1899 pertinent.

588 1907 654 1952 Sic
684 1907 726 1948 in
758 1905 1002 1960 problemate
1038 1920 1062 1957 3
1102 1916 1143 1948 et
1177 1918 1210 1955 7-
1238 1905 1422 1948 authoris
1452 1908 1607 1957 nostri,
1654 1910 1697 1949 in
1738 1918 1846 1961 quo-
1881 1950 1883 1955 ,

591 1970 686 2012 rum
719 1970 844 2012 altero
876 1972 1090 2012 sumuntur
1121 1969 1311 2023 quadrata
1344 1969 1616 2011 terminorum
1655 1970 1705 2012 in·
1743 1970 1845 2011 aare»

591 2046 645 2076 ro
673 2031 901 2085 biquadrata
920 2062 932 2083 ,
979 2035 1161 2075 summae
1192 2031 1386 2073 indicatae
1416 2030 1524 2075 fiunt
1554 2031 1733 2076 infinitae
1752 2058 1766 2082 ,
1813 2029 1846 2073 fi

591 2106 670 2152 pro
701 2104 727 2136 n
757 2103 930 2150 ponatur
958 2091 1381 2138 numerus-infinitus.

1710 2159 1742 2210 §.
1777 2168 1845 2209 14·
