1987 2600
346 197 1195 254 OSCILLATIONIS.
1315 205 1408 254 263

131 323 345 369 monstrata
371 354 384 376 ‚
434 319 735 374 longitudinem
782 318 944 375 penduli
983 316 1175 374 simplicis
1207 314 1410 360 isochroni

129 390 211 433 siue
261 388 443 430 ἀεῖ-..λ
469 383 1054 440 —L¹::db—gb::dg=
1106 381 1240 434 Igitur
1309 393 1421 437 pun-

131 455 248 496 &um
280 466 298 494 s
331 452 435 494 cadit
469 452 510 493 in
545 450 740 504 punctum
771 462 800 504 g
835 448 912 491 siue
949 448 988 488 in
1033 456 1225 489 centrum
1271 446 1412 498 graui-

135 519 228 560 tatis
261 517 456 573 corporis.
523 515 627 556 Hinc
659 515 878 564 discimus,
933 522 1118 555 centrum
1159 512 1415 553 rotationum

138 583 411 623 minimarum
447 580 746 633 reciprocarum
783 580 940 631 semper
974 576 1064 618 fieri
1092 577 1198 618 circa
1218 575 1419 631 punctum

137 647 324 688 medium
363 648 470 687 inter
499 653 707 682 extremos
739 642 893 682 limites
925 641 953 681 d
983 650 1022 681 et
1051 654 1095 696 g,
1133 652 1205 683 nec
1238 650 1421 693 vnquam

135 710 356 764 pendulum
393 703 654 745 isochronum
690 705 822 742 maius
857 703 946 744 fieri
982 704 1241 756 longitudine
1288 698 1422 745 λ-ΙᾸ

132 773 202 812 vel
236 767 523 820 longitudine,
559 778 682 819 quam
717 767 750 814 ξ,
788 774 827 814 5.
861 769 1008 806 vocaui
1043 768 1091 808 L.
1216 801 1222 806 .

285 833 317 883 §.
359 844 433 881 14.
465 829 778 873 Consideremus
809 829 931 870 ambo
963 828 1151 883 exempla
1186 861 1199 881 ‚
1231 842 1423 884 paragra·

133 895 220 952 pho
254 908 362 937 nono
393 894 593 947 assumpta
627 907 703 948 pro
736 893 1057 936 osculationibus
1088 894 1218 949 primi
1268 896 1420 936 ordinis

133 959 396 1014 explicandis,
480 959 601 1015 Quod
656 958 686 1000 fi
727 961 862 1012 itaque
902 964 1040 1001 rursus
1073 969 1247 1014 ponatur
1279 959 1352 1000 l:
1371 961 1425 1011 λ,

134 1025 342 1067 obtinetur
378 1024 607 1079 pendulum
644 1022 902 1065 isochronum
926 1053 938 1073 ‚
991 1036 1067 1078 pro
1107 1023 1427 1065 oscillationibus

136 1089 280 1130 nostris
315 1088 467 1133 secundi
500 1088 686 1140 ordinis,
715 1088 859 1130 :l—
879 1083 1011 1128 VL¹I
1041 1095 1159 1141 atque
1218 1088 1248 1128 fi
1302 1100 1426 1140 porro

136 1162 312 1206 ponatur
356 1149 402 1193 L¹
422 1167 474 1193 :-
493 1154 507 1202 Ξ
528 1155 556 1192 λ
576 1182 587 1203 ,
630 1152 701 1194 fiet
745 1152 821 1194 hoc
855 1151 1076 1206 pendulum
1111 1167 1164 1194 z
1185 1151 1323 1197 Ι-ὲί
1345 1149 1423 1200 Vg

135 1231 187 1259 Ξ
208 1230 252 1267 0,
278 1226 366 1267 134
387 1215 412 1257 l.
447 1218 488 1257 in
522 1219 610 1257 casu
646 1217 927 1269 specialiffimo
949 1244 961 1265 ‚
996 1228 1080 1270 quo
1113 1214 1330 1268 longitudo
1363 1215 1428 1257 fili

135 1290 356 1335 poneretur
389 1281 571 1323 duorum
608 1282 757 1335 pedum
780 1311 793 1333 ,
843 1282 946 1322 foret
985 1280 1208 1334 pendulum
1263 1279 1422 1333 quaesi-

135 1353 228 1386 tum
262 1359 316 1387 Ξ
339 1361 380 1397 0,
405 1350 493 1387 268
518 1346 606 1400 ped.
642 1357 762 1399 atque
795 1346 988 1386 formaret
1021 1343 1326 1400 propemodum
1349 1345 1425 1386 du-

131 1419 268 1451 centas
317 1407 588 1451 oscillationes
631 1412 737 1451 intra
778 1421 942 1463 tempus
987 1410 1110 1451 vnius
1145 1409 1296 1450 minuti
1332 1410 1421 1463 pri·

133 1475 225 1522 mi,
273 1473 311 1513 id
363 1474 472 1526 quod
524 1485 660 1514 reuera
696 1475 750 1514 ita
787 1477 822 1515 {e
857 1473 998 1514 habere
1032 1474 1317 1527 experimento
1347 1486 1421 1515 co-

133 1537 262 1587 gnoui
301 1537 341 1576 in
377 1537 496 1589 virga
532 1548 654 1578 terete
690 1538 953 1579 vniformiter
1003 1538 1121 1577 craffa
1175 1546 1252 1579 tres
1301 1540 1421 1591 pedes

131 1600 255 1652 longa
290 1609 330 1640 et
365 1599 438 1641 filo
471 1601 648 1642 duorum
686 1603 839 1656 pedum
888 1603 1092 1654 suspensa,
1144 1601 1211 1642 vbi
1272 1602 1432 1644 oscilla-

134 1666 262 1705 tiones
295 1664 404 1705 binas
436 1676 613 1719 quasque
649 1667 925 1708 numerabam.
1019 1665 1067 1706 In
1105 1664 1269 1715 altero,
1319 1666 1429 1720 quod

133 1728 167 1777 §.
204 1740 243 1777 9.
281 1727 401 1770 attuli
434 1730 662 1784 exemplo,
695 1731 760 1771 vbi
796 1729 881 1772 l:
907 1732 981 1779 333
1015 1731 1160 1778 2:4-
1193 1739 1233 1770 et
1268 1728 1359 1773 L‘:
1385 1742 1429 1782 3,

131 1791 238 1843 quod
275 1792 373 1832 foret
417 1805 492 1844 pro
526 1797 642 1846 virga
678 1804 801 1835 terete
835 1793 1098 1834 vniformiter
1149 1793 1267 1834 crassa
1293 1824 1304 1845 ‚
1355 1798 1425 1836 sex

134 1854 252 1909 pedes
286 1854 402 1905 longa
436 1865 476 1893 et
511 1855 585 1897 filo
623 1859 665 1905 33
702 1860 788 1910 ped.
825 1857 949 1908 longo
973 1886 985 1906 ‚
1019 1856 1067 1896 fit
1105 1857 1173 1897 sd
1201 1858 1282 1898 fiue
1317 1869 1422 1910 pen-

133 1916 283 1959 dulum
323 1916 587 1958 isochronum
621 1924 708 1966 :3
751 1920 833 1959 siue
874 1934 929 1962 :-
976 1929 1141 1971 quartae
1203 1921 1311 1975 parti
1366 1921 1430 1964 di·

136 1981 297 2024 stantiae
326 1980 380 2032 ft
424 1980 492 2022 vel
535 1981 613 2035 dg.
699 1982 915 2024 Caeterum
969 1982 1186 2023 commode
1239 1984 1279 2024 id
1339 1983 1425 2041 fit,

135 2055 232 2086 cum
272 2056 346 2098 pro
378 2057 547 2100 corpore
583 2047 762 2100 suspenso
795 2055 902 2088 teres
935 2046 1150 2088 assumitur
1185 2047 1300 2100 virga
1335 2048 1419 2094 siue

134 2108 300 2152 bacillus
335 2108 610 2161 cylindricus,
643 2112 734 2152 ideo
767 2113 875 2165 quod
911 2111 953 2151 in
988 2111 1054 2153 his
1082 2111 1278 2153 minimae
1295 2111 1417 2155 oscil·
1454 2160 1456 2163 v

140 2174 315 2219 lationes
347 2172 562 2218 celerrime
596 2176 794 2234 repetitae
829 2173 982 2220 melius
1015 2175 1325 2232 distinguantur.
1355 2211 1364 2217 ,

1272 2242 1306 2292 §-
1347 2251 1419 2294 15.
