1987 2600
525 155 615 194 ’σε
747 173 751 179 ·
901 148 999 193 DE
1063 142 1399 191 CENTRO

516 264 658 319 gitudo
695 259 858 316 penduli
895 260 1086 314 simplicis
1123 259 1324 303 isochroni
1360 271 1436 315 pro
1467 257 1786 311 osculationibus,

517 340 614 382 quas
650 338 751 367 nunc
800 335 1070 367 commentor.
1156 325 1336 367 Notetur
1389 325 1630 377 imprimis,
1680 326 1786 379 quod

518 405 592 447 pro
628 389 696 429 hac
728 386 1027 429 oscillationum
1063 388 1176 431 classe
1210 390 1369 442 signum
1407 389 1573 430 inferius
1606 388 1655 430 sit
1695 389 1788 428 seli-

518 454 694 507 gendum
717 479 729 499 ,
772 454 929 506 quoties
959 454 999 493 in
1033 453 1222 496 formulis
1254 456 1285 505 §.
1313 455 1345 504 §.
1384 465 1405 504 ς
1443 462 1485 494 et
1536 457 1579 494 6.
1629 450 1792 506 exposi-

522 519 571 559 tis
604 516 805 573 quantitas
838 516 1017 559 radicalis
1050 518 1239 562 occurrit.

668 608 699 656 ξ.
742 616 811 654 13.
848 605 999 649 Notati
1033 607 1099 653 hie
1133 617 1314 651 meretur
1347 608 1444 651 situs
1476 608 1615 662 puncti
1652 622 1685 661 s,
1713 620 1792 663 quo

521 670 605 711 axis
638 673 819 725 corporis
851 671 1066 714 oi‘cillantis
1100 683 1294 727 perpetuo
1325 685 1445 714 axem
1467 673 1703 714 verticalem
1729 675 1793 713 iu-

520 737 694 778 tersecat.
765 735 937 777 Ponatur
973 737 1110 788 primo
1143 736 1359 785 longitudo
1391 734 1452 774 fili
1474 735 1597 777 lzo
1619 747 1707 775 tum
1730 736 1792 774 iu-

518 800 653 842 dicant
687 797 824 840 ambae
857 798 1060 841 formulae
1094 797 1333 853 paragraphi
1384 799 1517 851 quinti
1568 797 1792 848 longitudi-

524 875 616 906 nem
653 861 818 918 penduli
854 860 1052 904 isochroni
1087 872 1214 911 Σο,
1250 861 1367 912 plane
1407 872 1451 900 ac
1503 860 1532 900 si
1583 861 1791 912 rapiditate

520 925 682 968 infinita
715 923 978 966 oscillationes
1013 925 1305 978 perfici-autum
1366 934 1511 962 verum
1545 923 1657 963 enim
1694 934 1794 964 vero

523 991 751 1031 aduertatur
775 1018 786 1038 ,
837 987 1099 1029 ol'cillationes
1138 987 1305 1040 supponi
1342 984 1471 1027 veluti
1505 985 1662 1027 infinite
1698 998 1795 1040 par-

522 1064 619 1094 vas:
660 1059 822 1103 oportet
870 1051 1003 1102 itaque
1038 1061 1083 1091 vt
1119 1051 1167 1094 sit
1202 1049 1357 1092 arculus
1389 1049 1452 1091 bc
1488 1049 1620 1092 veluti
1655 1048 1793 1090 infini-

524 1116 596 1155 ties
633 1114 767 1154 minor
803 1111 1056 1165 longitudine
1092 1114 1185 1164 fili,
1238 1115 1343 1167 quod
1375 1114 1504 1165 ipsum
1539 1125 1632 1153 cum
1670 1124 1794 1166 pona-

525 1188 592 1220 tur
625 1189 746 1226 ΞΟ,
780 1176 901 1219 simui
936 1176 1094 1219 arculus
1126 1178 1191 1219 bc
1224 1177 1426 1230 ponendus
1459 1175 1539 1216 erit
1573 1190 1624 1217 z
1647 1187 1697 1225 0,-
1729 1187 1796 1216 er-

526 1254 580 1295 go
612 1250 720 1282 totus
757 1250 893 1280 motus
926 1240 1192 1282 oscillatorius
1241 1240 1286 1281 ad
1337 1239 1552 1293 perfectam
1608 1238 1794 1280 redut'tus

524 1307 602 1345 erit
634 1304 828 1357 quietem.

681 1389 831 1433 Melius
881 1390 990 1432 nobis
1042 1393 1326 1443 consulemus,
1379 1392 1407 1434 si
1463 1392 1537 1434 filo
1586 1392 1798 1432 mediocris

528 1455 776 1508 supponatur
808 1453 1023 1506 longitudo
1045 1489 1054 1507 ,
1099 1459 1194 1497 dum
1232 1457 1474 1510 quantitates
1509 1462 1535 1498 λ
1569 1467 1608 1497 et
1644 1452 1689 1498 L¹
1723 1456 1798 1496 ssa-

529 1528 694 1560 tuantur
739 1517 868 1558 veluti
920 1518 1135 1571 infinitae3
1185 1530 1282 1560 tunc
1331 1531 1467 1560 autem
1522 1519 1799 1570 intelligemus

528 1594 580 1622 ex
636 1581 825 1622 formulis
883 1583 1022 1623 nostris
1049 1611 1061 1632 ‚
1125 1585 1206 1624 fore
1266 1583 1486 1637 pendulum
1536 1583 1795 1623 isochronum

531 1638 797 1706 πᾶῑλέῐὲ
820 1642 875 1683 >‹l
903 1657 1022 1699 atque
1065 1649 1161 1687 adeo
1211 1646 1340 1688 veluti
1399 1645 1590 1686 infinities
1640 1645 1800 1685 breuius

531 1729 573 1758 ac
608 1718 691 1757 sunt
726 1717 999 1768 longitudines
1033 1714 1076 1758 L¹
1111 1728 1151 1758 et
1185 1720 1242 1758 λε
1294 1716 1387 1759 hinc
1420 1718 1596 1772 sequitur
1641 1715 1800 1758 oscilla-

535 1781 663 1821 tiones
699 1783 885 1833 proxime
922 1781 974 1821 ita
1006 1779 1117 1830 fieri,
1147 1794 1188 1822 ac
1223 1781 1250 1822 fi
1284 1792 1427 1836 corpus
1479 1781 1672 1822 minimas
1704 1793 1802 1834 per·

534 1844 645 1885 ficiat
683 1844 974 1884 rotatiunculas
1005 1847 1226 1898 reciprocas
1257 1847 1360 1886 circa
1410 1844 1609 1900 punCtum
1650 1845 1679 1884 d
1717 1843 1802 1884 fiue

535 1909 831 1961 propemodum
865 1909 969 1948 circa
1002 1920 1187 1950 centrum
1221 1909 1478 1950 oscillationis
1505 1939 1517 1959 ‚
1567 1909 1674 1963 quod
1707 1918 1803 1948 cor-

536 1984 609 2023 pus
644 1972 781 2021 habet,
816 1971 842 2012 s1
878 1984 929 2011 ex
964 1973 1112 2024 punc'to
1147 1986 1169 2014 c
1210 1973 1437 2024 suspensum
1473 1973 1603 2014 fuerit.
1687 1971 1728 2014 Si
1776 1980 1801 2009 e

537 2036 740 2075 contrario
773 2047 919 2089 corpus
953 2035 1025 2077 filo
1056 2035 1215 2077 infinite
1252 2036 1377 2087 longo
1417 2036 1641 2090 suspensum
1684 2040 1801 2087 pute-

539 2106 607 2139 tur
632 2124 644 2146 ,
685 2098 791 2140 dabit
822 2111 990 2153 vtraque
1022 2099 1199 2142 farmula
1234 2098 1271 2140 iu
1303 2100 1556 2157 paragrapho
1589 2100 1697 2142 sexto
1728 2098 1801 2137 de-

1603 2161 1804 2206 monstra·
