<?xml version="1.0" encoding="UTF-8"?>
<!DOCTYPE html PUBLIC "-//W3C//DTD XHTML 1.0 Transitional//EN"
    "http://www.w3.org/TR/xhtml1/DTD/xhtml1-transitional.dtd">
<html xmlns="http://www.w3.org/1999/xhtml" xml:lang="en" lang="en">
 <head>
  <title>
</title>
<meta http-equiv="Content-Type" content="text/html;charset=utf-8" />
  <meta name='ocr-system' content='tesseract 3.04.00' />
  <meta name='ocr-capabilities' content='ocr_page ocr_carea ocr_par ocr_line ocrx_word'/>
</head>
<body>
  <div class='ocr_page' id='page_1' title='image "./novicommentariac18impe_0077.png"; bbox 0 0 1987 2600; ppageno 0'>
   <div class='ocr_carea' id='block_1_1' title="bbox 366 176 1413 227">
    <p class='ocr_par' dir='ltr' id='par_1_1' title="bbox 366 176 1413 227">
     <span class='ocr_line' id='line_1_1' title="bbox 366 176 1413 227; baseline -0.007 -2"><span class='ocrx_word' id='word_1_1' title='bbox 366 178 784 225; x_wconf 84' lang='lat' dir='ltr'>SERIERVM</span> <span class='ocrx_word' id='word_1_2' title='bbox 846 176 1193 222; x_wconf 85' lang='lat' dir='ltr'><strong>GENERE.</strong></span> <span class='ocrx_word' id='word_1_3' title='bbox 1395 189 1413 227; x_wconf 86' lang='lat'>5</span> 
     </span>
    </p>
   </div>
   <div class='ocr_carea' id='block_1_2' title="bbox 143 292 1439 2266">
    <p class='ocr_par' dir='ltr' id='par_1_2' title="bbox 143 292 1439 2266">
     <span class='ocr_line' id='line_1_2' title="bbox 145 292 1421 350; baseline -0.007 -11"><span class='ocrx_word' id='word_1_4' title='bbox 145 296 484 340; x_wconf 70' lang='lat' dir='ltr'>summationibus</span> <span class='ocrx_word' id='word_1_5' title='bbox 517 295 706 337; x_wconf 78' lang='lat' dir='ltr'>serierum</span> <span class='ocrx_word' id='word_1_6' title='bbox 742 293 996 350; x_wconf 72' lang='lat' dir='ltr'>quarundam</span> <span class='ocrx_word' id='word_1_7' title='bbox 1035 293 1272 344; x_wconf 73' lang='lat' dir='ltr'>incongrue</span> <span class='ocrx_word' id='word_1_8' title='bbox 1315 292 1421 332; x_wconf 76' lang='lat' dir='ltr'>&#39;veris</span> 
     </span>
     <span class='ocr_line' id='line_1_3' title="bbox 143 358 1421 416; baseline -0.006 -13"><span class='ocrx_word' id='word_1_9' title='bbox 143 374 368 416; x_wconf 79' lang='lat' dir='ltr'>earumque</span> <span class='ocrx_word' id='word_1_10' title='bbox 405 361 767 413; x_wconf 72' lang='lat' dir='ltr'>interpretatione,</span> <span class='ocrx_word' id='word_1_11' title='bbox 816 371 887 399; x_wconf 86' lang='lat' dir='ltr'>nec</span> <span class='ocrx_word' id='word_1_12' title='bbox 926 370 1089 410; x_wconf 72' lang='lat' dir='ltr'>proprie</span> <span class='ocrx_word' id='word_1_13' title='bbox 1125 358 1257 398; x_wconf 82' lang='lat' dir='ltr'>differt</span> <span class='ocrx_word' id='word_1_14' title='bbox 1300 369 1421 410; x_wconf 78' lang='lat' dir='ltr'>przn-</span> 
     </span>
     <span class='ocr_line' id='line_1_4' title="bbox 147 417 1424 480; baseline -0.005 -12"><span class='ocrx_word' id='word_1_15' title='bbox 147 427 304 480; x_wconf 86' lang='lat' dir='ltr'>cipium</span> <span class='ocrx_word' id='word_1_16' title='bbox 339 427 439 466; x_wconf 86' lang='lat' dir='ltr'>istud</span> <span class='ocrx_word' id='word_1_17' title='bbox 472 437 493 465; x_wconf 80' lang='lat' dir='ltr'>a</span> <span class='ocrx_word' id='word_1_18' title='bbox 526 426 732 465; x_wconf 81' lang='lat' dir='ltr'>decantato</span> <span class='ocrx_word' id='word_1_19' title='bbox 773 422 950 478; x_wconf 78' lang='lat' dir='ltr'>principio</span> <span class='ocrx_word' id='word_1_20' title='bbox 1002 421 1285 475; x_wconf 68' lang='lat' dir='ltr'>metapliyfico</span> <span class='ocrx_word' id='word_1_21' title='bbox 1322 417 1424 473; x_wconf 66' lang='lat' dir='ltr'>siffi-</span> 
     </span>
     <span class='ocr_line' id='line_1_5' title="bbox 147 485 1426 535; baseline -0.008 -2"><span class='ocrx_word' id='word_1_22' title='bbox 147 491 287 533; x_wconf 80' lang='lat' dir='ltr'>cientis</span> <span class='ocrx_word' id='word_1_23' title='bbox 337 489 507 532; x_wconf 74' lang='lat' dir='ltr'>rationis.</span> <span class='ocrx_word' id='word_1_24' title='bbox 574 488 897 530; x_wconf 79' lang='lat' dir='ltr'>Meminerimus</span> <span class='ocrx_word' id='word_1_25' title='bbox 928 498 1068 526; x_wconf 83' lang='lat' dir='ltr'>autem</span> <span class='ocrx_word' id='word_1_26' title='bbox 1091 513 1103 535; x_wconf 83' lang='lat'>,</span> <span class='ocrx_word' id='word_1_27' title='bbox 1135 488 1247 527; x_wconf 77' lang='lat' dir='ltr'>ieries</span> <span class='ocrx_word' id='word_1_28' title='bbox 1281 485 1426 525; x_wconf 81' lang='lat' dir='ltr'>nostras</span> 
     </span>
     <span class='ocr_line' id='line_1_6' title="bbox 151 549 1424 609; baseline -0.005 -15"><span class='ocrx_word' id='word_1_29' title='bbox 151 555 351 609; x_wconf 78' lang='lat' dir='ltr'>pertinere</span> <span class='ocrx_word' id='word_1_30' title='bbox 385 557 432 595; x_wconf 83' lang='lat' dir='ltr'>ad</span> <span class='ocrx_word' id='word_1_31' title='bbox 466 554 580 593; x_wconf 76' lang='lat' dir='ltr'>(eries</span> <span class='ocrx_word' id='word_1_32' title='bbox 611 562 864 593; x_wconf 79' lang='lat' dir='ltr'>recurrentes</span> <span class='ocrx_word' id='word_1_33' title='bbox 898 553 1062 603; x_wconf 82' lang='lat' dir='ltr'>suasque</span> <span class='ocrx_word' id='word_1_34' title='bbox 1095 549 1238 591; x_wconf 83' lang='lat' dir='ltr'>habere</span> <span class='ocrx_word' id='word_1_35' title='bbox 1288 550 1424 603; x_wconf 76' lang='lat' dir='ltr'>perio-</span> 
     </span>
     <span class='ocr_line' id='line_1_7' title="bbox 146 613 1426 670; baseline -0.005 -12"><span class='ocrx_word' id='word_1_36' title='bbox 146 621 220 660; x_wconf 90' lang='lat' dir='ltr'>dos</span> <span class='ocrx_word' id='word_1_37' title='bbox 246 613 395 670; x_wconf 51' lang='lat' dir='ltr'>,2&#39;post</span> <span class='ocrx_word' id='word_1_38' title='bbox 443 628 537 669; x_wconf 81' lang='lat' dir='ltr'>quas</span> <span class='ocrx_word' id='word_1_39' title='bbox 572 615 744 667; x_wconf 73' lang='lat' dir='ltr'>singulas</span> <span class='ocrx_word' id='word_1_40' title='bbox 779 615 948 668; x_wconf 66' lang='lat' dir='ltr'>perfecte</span> <span class='ocrx_word' id='word_1_41' title='bbox 979 625 1197 656; x_wconf 82' lang='lat' dir='ltr'>recurrunt</span> <span class='ocrx_word' id='word_1_42' title='bbox 1229 617 1391 655; x_wconf 83' lang='lat' dir='ltr'>eaedem</span> <span class='ocrx_word' id='word_1_43' title='bbox 1414 639 1426 660; x_wconf 90' lang='lat'>,</span> 
     </span>
     <span class='ocr_line' id='line_1_8' title="bbox 151 679 1426 732; baseline -0.002 -13"><span class='ocrx_word' id='word_1_44' title='bbox 151 681 353 731; x_wconf 82' lang='lat' dir='ltr'>simulque</span> <span class='ocrx_word' id='word_1_45' title='bbox 386 680 486 732; x_wconf 87' lang='lat' dir='ltr'>ipsos</span> <span class='ocrx_word' id='word_1_46' title='bbox 521 681 677 730; x_wconf 83' lang='lat' dir='ltr'>periodi</span> <span class='ocrx_word' id='word_1_47' title='bbox 711 681 938 729; x_wconf 76' lang='lat' dir='ltr'>terminos,</span> <span class='ocrx_word' id='word_1_48' title='bbox 990 680 1114 720; x_wconf 86' lang='lat' dir='ltr'>modo</span> <span class='ocrx_word' id='word_1_49' title='bbox 1153 679 1426 721; x_wconf 77' lang='lat' dir='ltr'>affirmatiuos</span> 
     </span>
     <span class='ocr_line' id='line_1_9' title="bbox 151 740 1424 795; baseline -0.002 -11"><span class='ocrx_word' id='word_1_50' title='bbox 151 744 274 784; x_wconf 89' lang='lat' dir='ltr'>modo</span> <span class='ocrx_word' id='word_1_51' title='bbox 325 742 572 793; x_wconf 75' lang='lat' dir='ltr'>negatiu05‚</span> <span class='ocrx_word' id='word_1_52' title='bbox 620 743 653 779; x_wconf 75' lang='lat' dir='ltr'>ie</span> <span class='ocrx_word' id='word_1_53' title='bbox 705 742 812 793; x_wconf 89' lang='lat' dir='ltr'>ipsos</span> <span class='ocrx_word' id='word_1_54' title='bbox 863 742 1092 791; x_wconf 83' lang='lat' dir='ltr'>destruere,</span> <span class='ocrx_word' id='word_1_55' title='bbox 1137 755 1251 795; x_wconf 25' lang='lat' dir='ltr'>quae·</span> <span class='ocrx_word' id='word_1_56' title='bbox 1280 740 1424 784; x_wconf 86' lang='lat' dir='ltr'>circuli</span> 
     </span>
     <span class='ocr_line' id='line_1_10' title="bbox 146 802 1427 861; baseline 0 -15"><span class='ocrx_word' id='word_1_57' title='bbox 146 806 375 861; x_wconf 83' lang='lat' dir='ltr'>proprietas</span> <span class='ocrx_word' id='word_1_58' title='bbox 424 804 508 852; x_wconf 87' lang='lat' dir='ltr'>est,</span> <span class='ocrx_word' id='word_1_59' title='bbox 555 802 610 841; x_wconf 84' lang='lat' dir='ltr'>ita</span> <span class='ocrx_word' id='word_1_60' title='bbox 662 811 710 842; x_wconf 90' lang='lat' dir='ltr'>vt</span> <span class='ocrx_word' id='word_1_61' title='bbox 757 803 910 853; x_wconf 86' lang='lat' dir='ltr'>integra</span> <span class='ocrx_word' id='word_1_62' title='bbox 946 804 1133 856; x_wconf 86' lang='lat' dir='ltr'>periodus</span> <span class='ocrx_word' id='word_1_63' title='bbox 1164 810 1212 845; x_wconf 83' lang='lat' dir='ltr'>ad</span> <span class='ocrx_word' id='word_1_64' title='bbox 1245 806 1427 847; x_wconf 87' lang='lat' dir='ltr'>nihilum</span> 
     </span>
     <span class='ocr_line' id='line_1_11' title="bbox 149 867 1428 921; baseline -0.002 -11"><span class='ocrx_word' id='word_1_65' title='bbox 149 873 403 917; x_wconf 84' lang='lat' dir='ltr'>reducatur;</span> <span class='ocrx_word' id='word_1_66' title='bbox 449 867 480 907; x_wconf 85' lang='lat' dir='ltr'>ss</span> <span class='ocrx_word' id='word_1_67' title='bbox 538 878 661 919; x_wconf 81' lang='lat' dir='ltr'>porro</span> <span class='ocrx_word' id='word_1_68' title='bbox 703 868 949 919; x_wconf 78' lang='lat' dir='ltr'>vnaquaeuis</span> <span class='ocrx_word' id='word_1_69' title='bbox 982 868 1170 920; x_wconf 82' lang='lat' dir='ltr'>periodus</span> <span class='ocrx_word' id='word_1_70' title='bbox 1202 869 1428 921; x_wconf 78' lang='lat' dir='ltr'>composita</span> 
     </span>
     <span class='ocr_line' id='line_1_12' title="bbox 150 931 1431 984; baseline -0.002 -8"><span class='ocrx_word' id='word_1_71' title='bbox 150 935 198 976; x_wconf 81' lang='lat' dir='ltr'>sit</span> <span class='ocrx_word' id='word_1_72' title='bbox 231 946 282 974; x_wconf 87' lang='lat' dir='ltr'>ex</span> <span class='ocrx_word' id='word_1_73' title='bbox 331 934 427 973; x_wconf 81' lang='lat' dir='ltr'>dato</span> <span class='ocrx_word' id='word_1_74' title='bbox 475 942 652 971; x_wconf 87' lang='lat' dir='ltr'>numero</span> <span class='ocrx_word' id='word_1_75' title='bbox 704 932 1008 981; x_wconf 86' lang='lat' dir='ltr'>terminorum,</span> <span class='ocrx_word' id='word_1_76' title='bbox 1067 931 1320 972; x_wconf 86' lang='lat' dir='ltr'>manifestum</span> <span class='ocrx_word' id='word_1_77' title='bbox 1356 932 1431 984; x_wconf 90' lang='lat' dir='ltr'>est,</span> 
     </span>
     <span class='ocr_line' id='line_1_13' title="bbox 147 995 1429 1049; baseline -0.003 -9"><span class='ocrx_word' id='word_1_78' title='bbox 147 1001 267 1049; x_wconf 78' lang='lat' dir='ltr'>fore,</span> <span class='ocrx_word' id='word_1_79' title='bbox 309 1007 356 1038; x_wconf 88' lang='lat' dir='ltr'>vt</span> <span class='ocrx_word' id='word_1_80' title='bbox 391 999 545 1037; x_wconf 79' lang='lat' dir='ltr'>summa</span> <span class='ocrx_word' id='word_1_81' title='bbox 582 995 752 1035; x_wconf 86' lang='lat' dir='ltr'>totidem</span> <span class='ocrx_word' id='word_1_82' title='bbox 788 996 1062 1036; x_wconf 87' lang='lat' dir='ltr'>terminorum</span> <span class='ocrx_word' id='word_1_83' title='bbox 1087 997 1134 1037; x_wconf 83' lang='lat' dir='ltr'>·se</span> <span class='ocrx_word' id='word_1_84' title='bbox 1167 996 1353 1037; x_wconf 89' lang='lat' dir='ltr'>inuicem</span> <span class='ocrx_word' id='word_1_85' title='bbox 1389 997 1429 1036; x_wconf 91' lang='lat' dir='ltr'>in</span> 
     </span>
     <span class='ocr_line' id='line_1_14' title="bbox 145 1058 1429 1118; baseline -0.001 -14"><span class='ocrx_word' id='word_1_86' title='bbox 145 1064 245 1118; x_wconf 25' lang='lat' dir='ltr'>*setie</span> <span class='ocrx_word' id='word_1_87' title='bbox 282 1059 608 1114; x_wconf 84' lang='lat' dir='ltr'>subsequentium</span> <span class='ocrx_word' id='word_1_88' title='bbox 644 1058 692 1099; x_wconf 86' lang='lat' dir='ltr'>sit</span> <span class='ocrx_word' id='word_1_89' title='bbox 725 1060 884 1113; x_wconf 81' lang='lat' dir='ltr'><strong>semper</strong></span> <span class='ocrx_word' id='word_1_90' title='bbox 915 1073 1041 1113; x_wconf 72' lang='lat' dir='ltr'>zo,</span> <span class='ocrx_word' id='word_1_91' title='bbox 1075 1061 1299 1115; x_wconf 69' lang='lat' dir='ltr'>Vbicunque</span> <span class='ocrx_word' id='word_1_92' title='bbox 1346 1060 1429 1104; x_wconf 85' lang='lat' dir='ltr'>ho-</span> 
     </span>
     <span class='ocr_line' id='line_1_15' title="bbox 150 1123 1015 1179; baseline -0.002 -12"><span class='ocrx_word' id='word_1_93' title='bbox 150 1139 245 1168; x_wconf 88' lang='lat' dir='ltr'>rum</span> <span class='ocrx_word' id='word_1_94' title='bbox 281 1125 557 1166; x_wconf 77' lang='lat' dir='ltr'>terminorum</span> <span class='ocrx_word' id='word_1_95' title='bbox 590 1123 753 1176; x_wconf 87' lang='lat' dir='ltr'>primus</span> <span class='ocrx_word' id='word_1_96' title='bbox 783 1124 1015 1179; x_wconf 78' lang='lat' dir='ltr'>accipiatur.</span> 
     </span>
     <span class='ocr_line' id='line_1_16' title="bbox 147 1188 1432 1247; baseline -0.002 -14"><span class='ocrx_word' id='word_1_97' title='bbox 147 1244 149 1247; x_wconf 18' lang='grc' dir='ltr'><strong><em>ι</em></strong></span> <span class='ocrx_word' id='word_1_98' title='bbox 276 1189 332 1246; x_wconf 74' lang='lat'>¹§-</span> <span class='ocrx_word' id='word_1_99' title='bbox 368 1201 408 1238; x_wconf 85' lang='grc'>3.</span> <span class='ocrx_word' id='word_1_100' title='bbox 445 1189 519 1230; x_wconf 84' lang='lat' dir='ltr'>His</span> <span class='ocrx_word' id='word_1_101' title='bbox 553 1189 817 1242; x_wconf 85' lang='lat' dir='ltr'>praemonitis</span> <span class='ocrx_word' id='word_1_102' title='bbox 852 1190 935 1230; x_wconf 81' lang='lat' dir='ltr'>iam</span> <span class='ocrx_word' id='word_1_103' title='bbox 970 1189 1139 1244; x_wconf 89' lang='lat' dir='ltr'>propius</span> <span class='ocrx_word' id='word_1_104' title='bbox 1170 1188 1219 1229; x_wconf 86' lang='lat' dir='ltr'>ad</span> <span class='ocrx_word' id='word_1_105' title='bbox 1253 1190 1432 1243; x_wconf 79' lang='lat' dir='ltr'>praesens</span> 
     </span>
     <span class='ocr_line' id='line_1_17' title="bbox 152 1250 1430 1308; baseline -0.002 -14"><span class='ocrx_word' id='word_1_106' title='bbox 152 1253 381 1295; x_wconf 80' lang='lat' dir='ltr'>institutum</span> <span class='ocrx_word' id='word_1_107' title='bbox 417 1266 558 1295; x_wconf 89' lang='lat' dir='ltr'>meum</span> <span class='ocrx_word' id='word_1_108' title='bbox 593 1254 764 1294; x_wconf 79' lang='lat' dir='ltr'>accedo:</span> <span class='ocrx_word' id='word_1_109' title='bbox 801 1254 1011 1308; x_wconf 86' lang='lat' dir='ltr'>Postquam</span> <span class='ocrx_word' id='word_1_110' title='bbox 1051 1254 1254 1295; x_wconf 88' lang='lat' dir='ltr'>nimirum</span> <span class='ocrx_word' id='word_1_111' title='bbox 1289 1253 1331 1293; x_wconf 90' lang='lat' dir='ltr'>in</span> <span class='ocrx_word' id='word_1_112' title='bbox 1367 1250 1430 1293; x_wconf 84' lang='lat' dir='ltr'>al-</span> 
     </span>
     <span class='ocr_line' id='line_1_18' title="bbox 151 1317 1430 1369; baseline -0.002 -12"><span class='ocrx_word' id='word_1_113' title='bbox 151 1317 292 1369; x_wconf 81' lang='lat' dir='ltr'>legatis</span> <span class='ocrx_word' id='word_1_114' title='bbox 327 1318 621 1360; x_wconf 78' lang='lat' dir='ltr'>schediasmatis</span> <span class='ocrx_word' id='word_1_115' title='bbox 654 1319 757 1359; x_wconf 85' lang='lat' dir='ltr'>meis</span> <span class='ocrx_word' id='word_1_116' title='bbox 787 1321 996 1360; x_wconf 88' lang='lat' dir='ltr'>summam</span> <span class='ocrx_word' id='word_1_117' title='bbox 1030 1318 1228 1359; x_wconf 86' lang='lat' dir='ltr'>serierum</span> <span class='ocrx_word' id='word_1_118' title='bbox 1273 1317 1430 1359; x_wconf 81' lang='lat' dir='ltr'>nostra-</span> 
     </span>
     <span class='ocr_line' id='line_1_19' title="bbox 153 1382 1429 1437; baseline -0.001 -15"><span class='ocrx_word' id='word_1_119' title='bbox 153 1394 245 1422; x_wconf 89' lang='lat' dir='ltr'>rum</span> <span class='ocrx_word' id='word_1_120' title='bbox 268 1414 278 1433; x_wconf 85' lang='lat'>,</span> <span class='ocrx_word' id='word_1_121' title='bbox 310 1383 337 1423; x_wconf 82' lang='lat' dir='ltr'>si</span> <span class='ocrx_word' id='word_1_122' title='bbox 373 1383 447 1423; x_wconf 79' lang='lat' dir='ltr'>hae</span> <span class='ocrx_word' id='word_1_123' title='bbox 480 1382 661 1425; x_wconf 84' lang='lat' dir='ltr'>infinitae</span> <span class='ocrx_word' id='word_1_124' title='bbox 693 1394 916 1437; x_wconf 80' lang='lat' dir='ltr'>ponantur,</span> <span class='ocrx_word' id='word_1_125' title='bbox 948 1383 1115 1425; x_wconf 86' lang='lat' dir='ltr'>exhibui</span> <span class='ocrx_word' id='word_1_126' title='bbox 1150 1392 1271 1435; x_wconf 79' lang='lat' dir='ltr'>atque</span> <span class='ocrx_word' id='word_1_127' title='bbox 1308 1382 1429 1424; x_wconf 80' lang='lat' dir='ltr'>abun-</span> 
     </span>
     <span class='ocr_line' id='line_1_20' title="bbox 147 1443 1430 1500; baseline -0.001 -15"><span class='ocrx_word' id='word_1_128' title='bbox 147 1449 200 1496; x_wconf 56' lang='lat' dir='ltr'>,de</span> <span class='ocrx_word' id='word_1_129' title='bbox 253 1448 553 1499; x_wconf 71' lang='lat' dir='ltr'>demonstr-aui,</span> <span class='ocrx_word' id='word_1_130' title='bbox 602 1459 725 1498; x_wconf 87' lang='lat' dir='ltr'>quam</span> <span class='ocrx_word' id='word_1_131' title='bbox 776 1448 997 1500; x_wconf 79' lang='lat' dir='ltr'>incongrua</span> <span class='ocrx_word' id='word_1_132' title='bbox 1033 1447 1081 1488; x_wconf 80' lang='lat' dir='ltr'>sit</span> <span class='ocrx_word' id='word_1_133' title='bbox 1115 1451 1304 1497; x_wconf 79' lang='lat' dir='ltr'>summa,</span> <span class='ocrx_word' id='word_1_134' title='bbox 1358 1443 1430 1485; x_wconf 78' lang='lat' dir='ltr'>etsi</span> 
     </span>
     <span class='ocr_line' id='line_1_21' title="bbox 145 1508 1432 1563; baseline 0.002 -16"><span class='ocrx_word' id='word_1_135' title='bbox 145 1509 338 1559; x_wconf 73' lang='lat' dir='ltr'>,legitime</span> <span class='ocrx_word' id='word_1_136' title='bbox 373 1513 538 1551; x_wconf 80' lang='lat' dir='ltr'>inuenta</span> <span class='ocrx_word' id='word_1_137' title='bbox 579 1510 842 1563; x_wconf 86' lang='lat' dir='ltr'>pluribusque</span> <span class='ocrx_word' id='word_1_138' title='bbox 896 1512 1103 1552; x_wconf 85' lang='lat' dir='ltr'>methodis</span> <span class='ocrx_word' id='word_1_139' title='bbox 1152 1510 1273 1563; x_wconf 86' lang='lat' dir='ltr'>longe</span> <span class='ocrx_word' id='word_1_140' title='bbox 1322 1523 1343 1550; x_wconf 89' lang='lat' dir='ltr'>a</span> <span class='ocrx_word' id='word_1_141' title='bbox 1394 1508 1432 1549; x_wconf 85' lang='lat' dir='ltr'>se</span> 
     </span>
     <span class='ocr_line' id='line_1_22' title="bbox 146 1574 1435 1627; baseline -0.002 -12"><span class='ocrx_word' id='word_1_142' title='bbox 146 1574 331 1615; x_wconf 82' lang='lat' dir='ltr'>inuicem</span> <span class='ocrx_word' id='word_1_143' title='bbox 366 1574 533 1615; x_wconf 73' lang='lat' dir='ltr'>diuersis</span> <span class='ocrx_word' id='word_1_144' title='bbox 575 1574 801 1615; x_wconf 81' lang='lat' dir='ltr'>constanter</span> <span class='ocrx_word' id='word_1_145' title='bbox 848 1574 1123 1627; x_wconf 72' lang='lat' dir='ltr'>confirmata3</span> <span class='ocrx_word' id='word_1_146' title='bbox 1170 1575 1214 1613; x_wconf 85' lang='lat' dir='ltr'>in</span> <span class='ocrx_word' id='word_1_147' title='bbox 1264 1584 1435 1614; x_wconf 84' lang='lat' dir='ltr'>memo·-</span> 
     </span>
     <span class='ocr_line' id='line_1_23' title="bbox 147 1637 1439 1691; baseline -0.004 -13"><span class='ocrx_word' id='word_1_148' title='bbox 147 1637 259 1678; x_wconf 85' lang='lat' dir='ltr'>1iam</span> <span class='ocrx_word' id='word_1_149' title='bbox 296 1641 482 1679; x_wconf 83' lang='lat' dir='ltr'>reuocaui</span> <span class='ocrx_word' id='word_1_150' title='bbox 520 1649 657 1679; x_wconf 81' lang='lat' dir='ltr'>veram</span> <span class='ocrx_word' id='word_1_151' title='bbox 694 1639 820 1679; x_wconf 76' lang='lat' dir='ltr'>totins</span> <span class='ocrx_word' id='word_1_152' title='bbox 852 1640 1037 1690; x_wconf 87' lang='lat' dir='ltr'>mysterii</span> <span class='ocrx_word' id='word_1_153' title='bbox 1079 1637 1400 1691; x_wconf 77' lang='lat' dir='ltr'>explicationem</span> <span class='ocrx_word' id='word_1_154' title='bbox 1422 1666 1439 1688; x_wconf 27' lang='lat'>‚⁴</span> 
     </span>
     <span class='ocr_line' id='line_1_24' title="bbox 151 1699 1435 1757; baseline 0.002 -17"><span class='ocrx_word' id='word_1_155' title='bbox 151 1713 273 1755; x_wconf 80' lang='lat' dir='ltr'>quam</span> <span class='ocrx_word' id='word_1_156' title='bbox 306 1703 411 1743; x_wconf 87' lang='lat' dir='ltr'>olim</span> <span class='ocrx_word' id='word_1_157' title='bbox 432 1735 445 1752; x_wconf 83' lang='lat'>,</span> <span class='ocrx_word' id='word_1_158' title='bbox 478 1714 574 1744; x_wconf 90' lang='lat' dir='ltr'>cum</span> <span class='ocrx_word' id='word_1_159' title='bbox 610 1700 816 1757; x_wconf 80' lang='lat' dir='ltr'>Petropoli</span> <span class='ocrx_word' id='word_1_160' title='bbox 850 1715 1044 1755; x_wconf 80' lang='lat' dir='ltr'>agerem,</span> <span class='ocrx_word' id='word_1_161' title='bbox 1075 1703 1326 1746; x_wconf 82' lang='lat' dir='ltr'>obseruatam</span> <span class='ocrx_word' id='word_1_162' title='bbox 1363 1699 1435 1742; x_wconf 77' lang='lat' dir='ltr'>ha·</span> 
     </span>
     <span class='ocr_line' id='line_1_25' title="bbox 152 1764 1432 1820; baseline 0.002 -16"><span class='ocrx_word' id='word_1_163' title='bbox 152 1765 318 1805; x_wconf 68' lang='lat' dir='ltr'>buerant</span> <span class='ocrx_word' id='word_1_164' title='bbox 371 1778 495 1820; x_wconf 83' lang='lat' dir='ltr'>eaque</span> <span class='ocrx_word' id='word_1_165' title='bbox 545 1775 701 1820; x_wconf 81' lang='lat' dir='ltr'>arrepta</span> <span class='ocrx_word' id='word_1_166' title='bbox 750 1766 957 1808; x_wconf 81' lang='lat' dir='ltr'>occasione</span> <span class='ocrx_word' id='word_1_167' title='bbox 998 1776 1295 1820; x_wconf 85' lang='lat' dir='ltr'>argumentum</span> <span class='ocrx_word' id='word_1_168' title='bbox 1329 1764 1432 1806; x_wconf 87' lang='lat' dir='ltr'>istud</span> 
     </span>
     <span class='ocr_line' id='line_1_26' title="bbox 157 1827 1431 1885; baseline 0.002 -17"><span class='ocrx_word' id='word_1_169' title='bbox 157 1827 479 1879; x_wconf 79' lang='lat' dir='ltr'>metaphysicum</span> <span class='ocrx_word' id='word_1_170' title='bbox 502 1860 516 1881; x_wconf 87' lang='lat'>‚</span> <span class='ocrx_word' id='word_1_171' title='bbox 564 1842 732 1884; x_wconf 81' lang='lat' dir='ltr'>meaque</span> <span class='ocrx_word' id='word_1_172' title='bbox 766 1833 954 1872; x_wconf 81' lang='lat' dir='ltr'>sententia</span> <span class='ocrx_word' id='word_1_173' title='bbox 989 1833 1033 1872; x_wconf 90' lang='lat' dir='ltr'>in</span> <span class='ocrx_word' id='word_1_174' title='bbox 1068 1831 1296 1885; x_wconf 87' lang='lat' dir='ltr'>geometria</span> <span class='ocrx_word' id='word_1_175' title='bbox 1332 1841 1431 1884; x_wconf 86' lang='lat' dir='ltr'>pura</span> 
     </span>
     <span class='ocr_line' id='line_1_27' title="bbox 156 1888 1433 1946; baseline 0.002 -16"><span class='ocrx_word' id='word_1_176' title='bbox 156 1888 265 1930; x_wconf 86' lang='lat' dir='ltr'>haud</span> <span class='ocrx_word' id='word_1_177' title='bbox 298 1892 625 1942; x_wconf 75' lang='lat' dir='ltr'>demonstrabile,</span> <span class='ocrx_word' id='word_1_178' title='bbox 653 1895 811 1934; x_wconf 75' lang='lat' dir='ltr'>vberius</span> <span class='ocrx_word' id='word_1_179' title='bbox 846 1896 1004 1946; x_wconf 83' lang='lat' dir='ltr'>aperui:</span> <span class='ocrx_word' id='word_1_180' title='bbox 1041 1896 1131 1938; x_wconf 93' lang='lat' dir='ltr'>Post</span> <span class='ocrx_word' id='word_1_181' title='bbox 1163 1894 1259 1936; x_wconf 79' lang='lat' dir='ltr'>haec</span> <span class='ocrx_word' id='word_1_182' title='bbox 1291 1895 1433 1934; x_wconf 80' lang='lat' dir='ltr'>omnia</span> 
     </span>
     <span class='ocr_line' id='line_1_28' title="bbox 157 1953 1428 2008; baseline 0 -13"><span class='ocrx_word' id='word_1_183' title='bbox 157 1953 280 1995; x_wconf 87' lang='lat' dir='ltr'>incidi</span> <span class='ocrx_word' id='word_1_184' title='bbox 316 1955 356 1994; x_wconf 90' lang='lat' dir='ltr'>in</span> <span class='ocrx_word' id='word_1_185' title='bbox 396 1967 522 1995; x_wconf 83' lang='lat' dir='ltr'>nouas</span> <span class='ocrx_word' id='word_1_186' title='bbox 552 1955 747 1996; x_wconf 83' lang='lat' dir='ltr'>formulas</span> <span class='ocrx_word' id='word_1_187' title='bbox 780 1958 1046 2007; x_wconf 69' lang='lat' dir='ltr'>Boffutianas,</span> <span class='ocrx_word' id='word_1_188' title='bbox 1078 1961 1110 2008; x_wconf 69' lang='grc' dir='ltr'>ξ.</span> <span class='ocrx_word' id='word_1_189' title='bbox 1151 1972 1190 1999; x_wconf 84' lang='lat'>1.</span> <span class='ocrx_word' id='word_1_190' title='bbox 1222 1956 1428 2008; x_wconf 53' lang='lat' dir='ltr'>allegatae,</span> 
     </span>
     <span class='ocr_line' id='line_1_29' title="bbox 151 2019 1434 2075; baseline 0.002 -17"><span class='ocrx_word' id='word_1_191' title='bbox 151 2030 299 2072; x_wconf 75' lang='lat' dir='ltr'>easque</span> <span class='ocrx_word' id='word_1_192' title='bbox 333 2031 436 2059; x_wconf 85' lang='lat' dir='ltr'>noua</span> <span class='ocrx_word' id='word_1_193' title='bbox 473 2019 672 2060; x_wconf 81' lang='lat' dir='ltr'>methodo</span> <span class='ocrx_word' id='word_1_194' title='bbox 702 2031 835 2060; x_wconf 82' lang='lat' dir='ltr'>erutas</span> <span class='ocrx_word' id='word_1_195' title='bbox 871 2033 948 2073; x_wconf 91' lang='lat' dir='ltr'>pro</span> <span class='ocrx_word' id='word_1_196' title='bbox 993 2024 1233 2075; x_wconf 85' lang='lat' dir='ltr'>quocunque</span> <span class='ocrx_word' id='word_1_197' title='bbox 1283 2021 1434 2061; x_wconf 80' lang='lat' dir='ltr'>termi-</span> 
     </span>
     <span class='ocr_line' id='line_1_30' title="bbox 157 2083 1433 2137; baseline -0.001 -13"><span class='ocrx_word' id='word_1_198' title='bbox 157 2095 309 2124; x_wconf 90' lang='lat' dir='ltr'>norum</span> <span class='ocrx_word' id='word_1_199' title='bbox 348 2095 524 2127; x_wconf 80' lang='lat' dir='ltr'>numero</span> <span class='ocrx_word' id='word_1_200' title='bbox 560 2084 856 2132; x_wconf 81' lang='lat' dir='ltr'>determinato,</span> <span class='ocrx_word' id='word_1_201' title='bbox 887 2097 1011 2137; x_wconf 87' lang='lat' dir='ltr'>quem</span> <span class='ocrx_word' id='word_1_202' title='bbox 1046 2094 1166 2128; x_wconf 81' lang='lat' dir='ltr'>vocat</span> <span class='ocrx_word' id='word_1_203' title='bbox 1199 2083 1364 2125; x_wconf 57' lang='lat' dir='ltr'>Aridior</span> <span class='ocrx_word' id='word_1_204' title='bbox 1396 2094 1433 2135; x_wconf 83' lang='lat' dir='ltr'>n,</span> 
     </span>
     <span class='ocr_line' id='line_1_31' title="bbox 158 2148 1434 2205; baseline 0.001 -17"><span class='ocrx_word' id='word_1_205' title='bbox 158 2159 257 2202; x_wconf 76' lang='lat' dir='ltr'>quas</span> <span class='ocrx_word' id='word_1_206' title='bbox 303 2160 398 2190; x_wconf 90' lang='lat' dir='ltr'>cum</span> <span class='ocrx_word' id='word_1_207' title='bbox 454 2149 719 2203; x_wconf 83' lang='lat' dir='ltr'>inspicerem,</span> <span class='ocrx_word' id='word_1_208' title='bbox 766 2149 953 2200; x_wconf 84' lang='lat' dir='ltr'>protinus</span> <span class='ocrx_word' id='word_1_209' title='bbox 1006 2163 1073 2191; x_wconf 83' lang='lat' dir='ltr'>me</span> <span class='ocrx_word' id='word_1_210' title='bbox 1103 2149 1253 2205; x_wconf 88' lang='lat' dir='ltr'>cupido</span> <span class='ocrx_word' id='word_1_211' title='bbox 1284 2148 1434 2190; x_wconf 65' lang='lat' dir='ltr'>incesti-t</span> 
     </span>
     <span class='ocr_line' id='line_1_32' title="bbox 788 2213 1435 2266; baseline 0 -13"><span class='ocrx_word' id='word_1_212' title='bbox 788 2215 823 2253; x_wconf 90' lang='lat' dir='ltr'>A</span> <span class='ocrx_word' id='word_1_213' title='bbox 866 2225 892 2261; x_wconf 73' lang='lat'><strong>3</strong></span> <span class='ocrx_word' id='word_1_214' title='bbox 1284 2213 1435 2266; x_wconf 85' lang='lat' dir='ltr'>explo-</span> 
     </span>
    </p>
   </div>
  </div>
 </body>
</html>
