1987 2600
529 174 596 216 90'
674 163 930 213 RESIDVA
951 163 1033 206 EX
1061 161 1232 207 DIVIS.
1251 160 1643 210 POTESTATVM

532 289 752 321 numerum
789 279 972 333 primum
1009 280 1038 320 P
1071 280 1201 321 diuidi
1237 280 1375 331 nequit
1396 307 1408 327 ‚
1458 279 1596 323 (radix
1629 280 1737 322 enim
1771 294 1796 322 a

531 342 704 383 diuisore
740 344 767 383 P
801 345 931 384 minor
964 344 1127 397 ideoque
1160 344 1207 385 ad
1242 354 1338 382 eum
1383 343 1513 395 prima
1559 344 1762 398 statuitur)
1784 379 1795 399 ‚

531 404 743 446 neceffario
769 407 877 447 'alter
910 407 1036 446 faihu·
1068 410 1108 446 av
1129 429 1168 436 --
1195 421 1211 447 1
1251 419 1320 461 pst
1356 406 1382 446 P
1435 404 1674 448 diuisionem
1720 411 1799 450 -ad-

530 480 573 509 m
594 479 699 517 teet,
750 471 920 521 hincque
973 470 1138 522 potestas
1188 471 1226 510 0⁹
1273 480 1342 522 pet
1377 471 1403 509 P
1436 471 1560 511 diuisa
1596 473 1803 512 vnitatem‘

528 531 757 582 relinquen
790 544 890 583 quae
924 534 1087 583 potestas
1117 544 1213 574 cum
1249 532 1415 573 inferior
1448 533 1495 574 fit
1526 545 1648 586 qulm
1681 535 1799 576 (ιμ’-Η

530 597 695 633 euidens
728 594 811 643 est,
861 594 1061 635 resiiuum
1095 610 1111 637 ε
1142 605 1233 637 ante
1277 606 1480 637 recurrere
1532 609 1614 639 nou
1666 598 1802 652 poffe,

531 667 656 710 quam
694 659 822 697 vnitas
852 661 1075 700 recurrerit.

691 749 747 776 20
796 733 941 775 Statim
976 745 1094 786 atque
1127 735 1166 773 in
1201 735 1297 774 serie
1336 736 1585 776 residuorum
1628 749 1664 785 1,
1692 748 1736 783 α,
1763 735 1801 787 8,

533 809 590 849 oy,
622 791 650 832 ὃ
686 807 756 837 etc⁴
794 798 924 836 vnitas
969 798 1118 835 iterum
1170 797 1381 847 occurrit,
1430 799 1614 850 deinceps
1662 801 1799 839 eadem

531 857 682 899 residua
719 859 859 901 eodem
894 858 1031 900 ordine
1070 859 1127 899 vti
1165 861 1213 899 ab
1246 860 1366 899 initio
1399 860 1548 898 iterum
1579 869 1801 903 recurrent.

686 933 811 975 Dem.
847 936 1014 974 otiatur
1054 934 1165 974 enirn
1218 931 1351 972 vnitas
1401 932 1564 974 secunda
1613 935 1699 973 vice
1747 945 1800 976 ex

531 998 722 1053 potestate
753 1000 792 1038 av
824 1010 866 1038 ac
905 999 1060 1050 sequens
1098 996 1302 1037 refiduum
1346 995 1421 1035 erit
1461 1007 1504 1044 a,
1540 1011 1556 1036 ι
1595 993 1796 1049 (5)::a,

532 1061 642 1102 idem
677 1062 779 1114 quod
814 1073 866 1100 ex
899 1063 1064 1100 secundo
1100 1059 1278 1100 termino
1309 1070 1336 1097 a
1370 1058 1590 1098 nascebatur
1616 1089 1627 1108 ‚
1680 1062 1799 1101 ideo-

532 1137 610 1177 que
642 1137 689 1172 α,
723 1123 804 1176 post
837 1124 942 1177 quod
975 1126 1108 1164 denuo
1141 1123 1351 1176 sequentur
1369 1120 1519 1163 residua
1540 1119 1652 1178 ἓμγ,
1672 1118 1699 1162 δ
1720 1132 1798 1167 etc.

531 1187 672 1228 eodem
706 1187 847 1227 ordine
881 1188 940 1227 vti
974 1190 1020 1229 ab
1050 1186 1185 1227 initio.

666 1271 734 1299 21.
766 1259 808 1302 Si
840 1273 867 1301 a
901 1259 949 1301 fit
981 1261 1093 1300 radix
1126 1259 1336 1312 primitiua
1358 1289 1369 1309 ,
1401 1260 1483 1300 eius
1519 1258 1786 1313 potestasa‘*

531 1335 603 1379 per
634 1323 854 1364 diuisorem
892 1325 1078 1378 primum
1114 1324 1141 1364 P
1174 1324 1296 1364 diuisa
1328 1322 1527 1364 vnitatem
1563 1324 1774 1378 relinquet.

686 1398 808 1440 Dem.
842 1398 947 1453 Quia
984 1412 1009 1439 a
1041 1398 1093 1438 est
1126 1400 1242 1439 radix
1278 1401 1489 1450 primitiua
1525 1398 1563 1436 in
1602 1400 1696 1439 serie
1730 1410 1796 1437 re-

532 1460 743 1503 fiduorum
775 1474 914 1502 omues
948 1461 1106 1502 numeri
1138 1463 1311 1503 diuisore
1346 1460 1375 1500 P
1429 1461 1604 1500 minores
1651 1472 1797 1502 occur-

533 1537 631 1568 runt
651 1557 664 1576 ,
693 1536 872 1577 quorum
909 1523 1134 1565 multitudo
1164 1526 1218 1566 est
1252 1525 1338 1564 P—-
1365 1536 1411 1573 13
1444 1535 1494 1563 ex
1531 1526 1697 1564 totidem
1731 1535 1796 1565 er-

531 1601 586 1641 go
622 1588 897 1641 progreffionis
931 1589 1201 1639 geometricae
1234 1587 1419 1627 terminis
1461 1579 1791 1635 1,a¹‚a²‚a'etc.

531 1661 708 1705 quorum
745 1652 917 1690 Vltimus
948 1652 1026 1691 erit
1057 1648 1182 1691 αμ-2
1215 1651 1394 1690 oriantur
1428 1649 1573 1689 neceffe
1604 1650 1686 1700 est3
1733 1651 1791 1690 se-

529 1725 654 1767 queus
682 1725 780 1765 ergo
813 1713 1012 1755 terminus
1042 1709 1159 1754 aP-¹
1197 1712 1362 1766 aliquod
1394 1723 1445 1752 ex
1477 1709 1641 1752 residuis
1678 1724 1791 1764 prae·

531 1776 756 1818 cedentibus
806 1775 1043 1831 reproducet
1061 1804 1075 1827 ,
1126 1777 1231 1830 quod
1283 1786 1422 1817 autem
1473 1772 1683 1816 necessario
1734 1775 1788 1816 est

534 1842 667 1882 vnitas
700 1839 814 1893 (19).

687 1936 758 1966 22.
791 1923 832 1964 Si
867 1925 1083 1977 progreffio
1114 1924 1360 1975 geometrica
1391 1938 1430 1973 1,
1450 1915 1637 1972 a‚ae²‚a¹‚
1656 1917 1788 1964 a⁴etc.

533 1990 672 2030 seriem
717 1986 967 2029 residuorum
1019 1989 1277 2042 incompletam
1330 1990 1547 2039 producam
1599 1996 1788 2027 numerus

533 2050 785 2092 residuorum
818 2053 1064 2093 diuersorum
1099 2051 1174 2092 erit
1207 2062 1292 2102 pars
1308 2049 1484 2103 aliquota
1507 2050 1665 2091 numeri
1685 2049 1781 2090 P-1

530 2112 608 2156 hoc
638 2106 692 2155 est
723 2113 908 2157 diuisotis
938 2113 1068 2168 primi
1104 2113 1134 2154 P
1165 2114 1322 2154 vnit'ate
1356 2114 1521 2156 minuti.

631 2188 635 2190 ’
1662 2172 1786 2218 Dem.
