1987 2600
392 470 531 518 Οᾶιιιι.

565 211 657 261 3'32
1003 200 1106 248 DE
1170 203 1409 252 vERls

566 321 733 364 chordas
768 320 821 360 ita
855 316 1063 360 intendere
1088 349 1100 370 ‚
1154 330 1202 362 vt
1238 321 1353 364 sonos
1383 321 1567 376 aequales
1607 323 1748 378 edant,
1800 332 1841 367 et

566 389 738 429 minima
773 383 969 423 aberratio
1000 384 1157 428 auditui
1196 385 1307 440 quasi
1342 386 1395 427 est
1428 387 1707 429 intolerabilis

718 474 761 511 4.
793 459 968 502 Secunda
1001 463 1256 504 consonantia
1302 464 1535 519 principalis
1586 463 1726 504 octaua
1776 466 1839 508 seu

564 524 746 577 diapason
781 525 884 565 dieta
909 556 921 576 ‚
963 535 1046 566 tam
1084 538 1209 581 prope
1241 530 1288 569 ad
1324 538 1507 570 naturam
1544 529 1699 569 vnisoni
1735 541 1843 571 acce-

566 591 658 637 dit,
714 600 760 630 vt
809 592 879 640 qui
929 589 1073 630 datum
1134 593 1274 632 sonum
1313 593 1380 633 vel
1411 593 1462 635 ob
1493 593 1735 647 grauitatem
1773 592 1841 635 vel

567 664 740 694 acumen
776 652 921 706 affequi
957 665 1191 707 nequeunt,
1253 658 1392 710 sponte
1427 660 1490 699 sua
1525 660 1666 699 sonum
1701 657 1840 699 oemua

567 719 816 771 superiorem
854 718 919 759 vel
955 718 1186 760 inferiorem
1220 724 1368 771 edant,
1419 723 1522 762 vnde
1568 721 1643 769 fit,
1696 732 1743 761 vt
1795 723 1838 762 in

567 782 725 823 Musica
760 779 844 822 soni
879 792 955 820 vna
994 780 1231 835 pluribusne
1263 783 1415 823 ociauis
1453 785 1712 837 discrepantes
1766 798 1838 835 pro

568 844 766 887 similibus
819 843 1040 886 habeantur
1065 876 1078 896 ‚
1128 855 1168 888 et
1220 847 1379 899 paribus
1420 846 1540 898 signis
1574 847 1654 887 fiuc
1691 847 1836 886 litteris

568 909 764 963 designari
799 908 978 957 soleant,
1015 910 1069 949 ita
1105 909 1134 950 si
1164 912 1279 950 sonus
1297 911 1495 962 quispiam
1515 908 1836 961 grauiorlittera

566 975 606 1017 A
661 974 838 1027 signetur
862 1004 874 1024 ,
908 974 1105 1014 acutiores
1139 985 1215 1014 vna
1250 971 1482 1027 pluribusue
1515 972 1666 1014 Octauia»
1712 971 1836 1015 illum

567 1068 800 1123 superantes
833 1069 977 1109 litteris
1009 1080 1049 1118 a,
1080 1079 1122 1119 a,
1153 1081 1192 1119 a,
1221 1081 1247 1108 a
1279 1082 1358 1114 etc.
1392 1071 1561 1113 indicari
1598 1070 1738 1113 solent.

724 1173 762 1212 5.
801 1162 902 1206 Duo
934 1172 1074 1205 autem
1108 1161 1193 1204 soni
1228 1162 1463 1205 huiusmodi
1484 1163 1705 1205 interuallo
1721 1163 1836 1205 osta-

563 1238 637 1271 ·rae
667 1226 849 1269 distantes
879 1229 1064 1269 auditum
1098 1227 1317 1278 gratiffima
1351 1227 1566 1268 harmonia
1615 1229 1835 1272 afficiunt,

563 1301 606 1331 nc
640 1300 722 1331 tam
756 1293 922 1342 egregio
954 1290 1135 1332 consensu
1170 1291 1342 1341 gaudere
1373 1290 1563 1331 videntur
1583 1321 1595 1342 ‚
1647 1303 1694 1333 vt
1728 1303 1835 1344 pro·-

563 1355 787 1409 pemodum
822 1366 898 1409 pro
930 1366 1012 1396 vno
1046 1355 1272 1407 eodemque
1302 1355 1398 1395 sono
1431 1353 1662 1397 habeantur.
1705 1354 1834 1395 Caus-

564 1420 600 1459 sa
647 1429 783 1460 autem
820 1417 940 1459 huius
974 1415 1270 1472 pulcherrimae
1303 1419 1583 1458 consonantiae
1616 1420 1658 1457 in
1694 1429 1742 1456 eo
1775 1419 1830 1459 est

562 1481 687 1536 posita
708 1513 720 1533 ‚
752 1483 857 1535 quod
893 1481 1052 1522 numeri
1087 1480 1366 1521 vibrationum
1402 1478 1465 1520 his
1495 1481 1600 1522 sonis
1631 1482 1832 1522 editarum

562 1547 667 1587 inter
701 1547 735 1586 se
770 1545 971 1588 rationem
1024 1544 1195 1600 duplam
1247 1554 1438 1596 teneant,
1491 1555 1538 1586 vt
1585 1544 1615 1586 fi
1663 1545 1833 1597 grauior

559 1620 645 1651 vno
679 1610 844 1651 minuto
892 1610 1060 1653 secundo
1109 1619 1276 1651 centum
1329 1609 1573 1650 vibrationes
1620 1610 1826 1657 absoluat.

560 1672 660 1715 alter
692 1675 830 1714 codem
867 1683 1051 1730 tempore
1099 1674 1285 1714 ducentas
1329 1684 1522 1726 peragat,
1572 1685 1672 1726 quae
1723 1671 1828 1714 ratio

560 1737 624 1778 vti
658 1738 706 1779 ab
739 1736 945 1790 intelicCtu
982 1735 1172 1778 facillime
1205 1736 1459 1791 percipitur,
1500 1739 1555 1778 ita
1590 1740 1713 1778 etiam
1747 1737 1829 1778 duo

563 1802 648 1842 soni
701 1793 800 1841 hanc
857 1805 960 1843 inter
996 1802 1032 1842 se
1062 1802 1263 1843 rationem
1297 1810 1474 1842 tenentes
1507 1802 1692 1844 auditum
1728 1799 1828 1841 infi-

562 1867 632 1917 gni
684 1865 876 1907 suauitate
927 1865 1213 1920 permulcent3
1282 1866 1380 1918 quin
1439 1867 1563 1908 etiam
1625 1864 1825 1908 leuiffimn

561 1930 757 1972 aberratio
800 1931 848 1971 ab
902 1929 975 1971 hac
1021 1932 1176 1971 ratione
1225 1931 1381 1971 sensum
1439 1932 1597 1972 auditus
1647 1931 1826 1971 maxime

561 1993 756 2045 offendit,
804 1993 908 2034 vnde
941 1994 1065 2036 etiam
1101 1997 1251 2036 tirones
1285 1992 1478 2035 facillime
1516 2005 1703 2036 naturam
1741 1993 1824 2034 hu·-

563 2054 626 2095 ius
658 2059 934 2099 consonantiae
966 2059 1182 2101 addiscunt.
1256 2057 1393 2112 Quare
1425 2070 1553 2110 quum
1587 2068 1726 2100 ornnes
1757 2057 1822 2097 so·

561 2118 602 2158 ni
636 2120 832 2171 aptissime
866 2133 936 2175 per
968 2133 1162 2162 numeros
1209 2120 1481 2164 vibrationum
1507 2154 1519 2175 ‚
1568 2134 1664 2177 quas
1709 2126 1823 2162 certo

563 2190 748 2239 ternpore
780 2183 933 2234 edunt,
966 2187 1342 2242 repraesententur,
1397 2185 1427 2230 fi
1460 2190 1576 2233 sonu·
1608 2187 1647 2229 Α
1673 2183 1762 2224 edat
1794 2190 1822 2223 u

1677 2246 1819 2291 vibra-
