<?xml version="1.0" encoding="UTF-8"?>
<!DOCTYPE html PUBLIC "-//W3C//DTD XHTML 1.0 Transitional//EN"
    "http://www.w3.org/TR/xhtml1/DTD/xhtml1-transitional.dtd">
<html xmlns="http://www.w3.org/1999/xhtml" xml:lang="en" lang="en">
 <head>
  <title>
</title>
<meta http-equiv="Content-Type" content="text/html;charset=utf-8" />
  <meta name='ocr-system' content='tesseract 3.04.00' />
  <meta name='ocr-capabilities' content='ocr_page ocr_carea ocr_par ocr_line ocrx_word'/>
</head>
<body>
  <div class='ocr_page' id='page_1' title='image "./novicommentariac18impe_0363.png"; bbox 0 0 1987 2600; ppageno 0'>
   <div class='ocr_carea' id='block_1_1' title="bbox 569 163 1442 220">
    <p class='ocr_par' dir='ltr' id='par_1_1' title="bbox 569 163 1442 220">
     <span class='ocr_line' id='line_1_1' title="bbox 569 163 1442 220; baseline -0.002 -10"><span class='ocrx_word' id='word_1_1' title='bbox 569 164 656 210; x_wconf 87' lang='lat' dir='ltr'>1N</span> <span class='ocrx_word' id='word_1_2' title='bbox 698 163 1068 210; x_wconf 76' lang='lat' dir='ltr'><strong>·PLANvm.</strong></span> <span class='ocrx_word' id='word_1_3' title='bbox 1350 178 1442 220; x_wconf 73' lang='lat'>291</span> 
     </span>
    </p>
   </div>
   <div class='ocr_carea' id='block_1_2' title="bbox 169 277 1451 844">
    <p class='ocr_par' dir='ltr' id='par_1_2' title="bbox 169 277 1451 844">
     <span class='ocr_line' id='line_1_2' title="bbox 173 277 1447 335; baseline -0.002 -15"><span class='ocrx_word' id='word_1_4' title='bbox 173 288 354 335; x_wconf 78' lang='lat' dir='ltr'>queant3</span> <span class='ocrx_word' id='word_1_5' title='bbox 407 277 473 319; x_wconf 57' lang='lat' dir='ltr'>ibi</span> <span class='ocrx_word' id='word_1_6' title='bbox 527 280 692 334; x_wconf 86' lang='lat' dir='ltr'>quidem</span> <span class='ocrx_word' id='word_1_7' title='bbox 737 288 828 320; x_wconf 85' lang='lat' dir='ltr'>tuto</span> <span class='ocrx_word' id='word_1_8' title='bbox 861 279 1056 320; x_wconf 76' lang='lat' dir='ltr'>assumere</span> <span class='ocrx_word' id='word_1_9' title='bbox 1093 277 1184 333; x_wconf 48' lang='lat' dir='ltr'>licet</span> <span class='ocrx_word' id='word_1_10' title='bbox 1219 277 1447 331; x_wconf 65' lang='lat' dir='ltr'>impressio«</span> 
     </span>
     <span class='ocr_line' id='line_1_3' title="bbox 174 342 1444 399; baseline -0.005 -14"><span class='ocrx_word' id='word_1_11' title='bbox 174 358 268 385; x_wconf 88' lang='lat' dir='ltr'>nem</span> <span class='ocrx_word' id='word_1_12' title='bbox 314 346 504 398; x_wconf 75' lang='lat' dir='ltr'>cuiusque</span> <span class='ocrx_word' id='word_1_13' title='bbox 556 349 663 399; x_wconf 80' lang='lat' dir='ltr'>petiis</span> <span class='ocrx_word' id='word_1_14' title='bbox 717 345 1069 398; x_wconf 74' lang='lat' dir='ltr'>proportionalem</span> <span class='ocrx_word' id='word_1_15' title='bbox 1116 342 1190 382; x_wconf 77' lang='lat' dir='ltr'>effe</span> <span class='ocrx_word' id='word_1_16' title='bbox 1246 344 1319 391; x_wconf 83' lang='lat' dir='ltr'>vi,</span> <span class='ocrx_word' id='word_1_17' title='bbox 1367 353 1444 394; x_wconf 84' lang='lat' dir='ltr'>qua</span> 
     </span>
     <span class='ocr_line' id='line_1_4' title="bbox 170 399 1446 463; baseline -0.003 -14"><span class='ocrx_word' id='word_1_18' title='bbox 170 410 255 449; x_wconf 81' lang='lat' dir='ltr'>solo</span> <span class='ocrx_word' id='word_1_19' title='bbox 299 409 517 457; x_wconf 82' lang='lat' dir='ltr'>innititur,</span> <span class='ocrx_word' id='word_1_20' title='bbox 551 422 667 463; x_wconf 79' lang='lat' dir='ltr'>atque</span> <span class='ocrx_word' id='word_1_21' title='bbox 703 409 777 450; x_wconf 74' lang='lat' dir='ltr'>hoc</span> <span class='ocrx_word' id='word_1_22' title='bbox 814 409 1020 463; x_wconf 74' lang='lat' dir='ltr'>principio</span> <span class='ocrx_word' id='word_1_23' title='bbox 1053 399 1278 454; x_wconf 46' lang='lat' dir='ltr'>concessos</span> <span class='ocrx_word' id='word_1_24' title='bbox 1311 417 1446 452; x_wconf 79' lang='lat' dir='ltr'>totum</span> 
     </span>
     <span class='ocr_line' id='line_1_5' title="bbox 172 471 1449 526; baseline -0.002 -14"><span class='ocrx_word' id='word_1_25' title='bbox 172 471 250 513; x_wconf 82' lang='lat' dir='ltr'>hoc</span> <span class='ocrx_word' id='word_1_26' title='bbox 288 475 499 524; x_wconf 82' lang='lat' dir='ltr'>negotium</span> <span class='ocrx_word' id='word_1_27' title='bbox 535 474 646 515; x_wconf 75' lang='lat' dir='ltr'>facile</span> <span class='ocrx_word' id='word_1_28' title='bbox 678 474 858 526; x_wconf 79' lang='lat' dir='ltr'>expediri</span> <span class='ocrx_word' id='word_1_29' title='bbox 897 473 1060 525; x_wconf 82' lang='lat' dir='ltr'>poterit.</span> <span class='ocrx_word' id='word_1_30' title='bbox 1132 471 1352 512; x_wconf 76' lang='lat' dir='ltr'><strong>Neminem</strong></span> <span class='ocrx_word' id='word_1_31' title='bbox 1380 482 1449 510; x_wconf 85' lang='lat' dir='ltr'>au·</span> 
     </span>
     <span class='ocr_line' id='line_1_6' title="bbox 175 534 1447 592; baseline -0.002 -15"><span class='ocrx_word' id='word_1_32' title='bbox 175 547 258 577; x_wconf 88' lang='lat' dir='ltr'>tem</span> <span class='ocrx_word' id='word_1_33' title='bbox 297 549 445 592; x_wconf 84' lang='lat' dir='ltr'>pannus</span> <span class='ocrx_word' id='word_1_34' title='bbox 482 536 551 577; x_wconf 78' lang='lat' dir='ltr'>ilie</span> <span class='ocrx_word' id='word_1_35' title='bbox 585 538 771 592; x_wconf 82' lang='lat' dir='ltr'>pressioni</span> <span class='ocrx_word' id='word_1_36' title='bbox 806 539 945 579; x_wconf 80' lang='lat' dir='ltr'><strong>cedens</strong></span> <span class='ocrx_word' id='word_1_37' title='bbox 988 535 1191 589; x_wconf 84' lang='lat' dir='ltr'>offendat,</span> <span class='ocrx_word' id='word_1_38' title='bbox 1228 534 1299 575; x_wconf 78' lang='lat' dir='ltr'>etsi</span> <span class='ocrx_word' id='word_1_39' title='bbox 1333 535 1447 574; x_wconf 89' lang='lat' dir='ltr'>enim</span> 
     </span>
     <span class='ocr_line' id='line_1_7' title="bbox 173 600 1448 654; baseline -0.002 -13"><span class='ocrx_word' id='word_1_40' title='bbox 173 600 235 641; x_wconf 88' lang='lat' dir='ltr'>illi</span> <span class='ocrx_word' id='word_1_41' title='bbox 301 601 524 641; x_wconf 77' lang='lat' dir='ltr'>mollitiem</span> <span class='ocrx_word' id='word_1_42' title='bbox 587 602 788 654; x_wconf 82' lang='lat' dir='ltr'>quandam</span> <span class='ocrx_word' id='word_1_43' title='bbox 850 601 1069 642; x_wconf 84' lang='lat' dir='ltr'>tribuimus</span> <span class='ocrx_word' id='word_1_44' title='bbox 1096 628 1107 648; x_wconf 90' lang='lat'>,</span> <span class='ocrx_word' id='word_1_45' title='bbox 1164 611 1253 639; x_wconf 91' lang='lat' dir='ltr'>eam</span> <span class='ocrx_word' id='word_1_46' title='bbox 1314 608 1448 639; x_wconf 84' lang='lat' dir='ltr'>tamen</span> 
     </span>
     <span class='ocr_line' id='line_1_8' title="bbox 172 663 1447 715; baseline -0.002 -11"><span class='ocrx_word' id='word_1_47' title='bbox 172 677 382 715; x_wconf 78' lang='lat' dir='ltr'>quousque</span> <span class='ocrx_word' id='word_1_48' title='bbox 418 663 581 701; x_wconf 82' lang='lat' dir='ltr'>libuerit</span> <span class='ocrx_word' id='word_1_49' title='bbox 604 693 614 709; x_wconf 92' lang='lat'>‚</span> <span class='ocrx_word' id='word_1_50' title='bbox 647 665 875 703; x_wconf 78' lang='lat' dir='ltr'>diminuere</span> <span class='ocrx_word' id='word_1_51' title='bbox 910 664 1072 714; x_wconf 68' lang='lat' dir='ltr'>licebit3</span> <span class='ocrx_word' id='word_1_52' title='bbox 1123 665 1172 703; x_wconf 82' lang='lat' dir='ltr'>ita</span> <span class='ocrx_word' id='word_1_53' title='bbox 1209 673 1251 702; x_wconf 88' lang='lat' dir='ltr'>vt</span> <span class='ocrx_word' id='word_1_54' title='bbox 1287 664 1447 703; x_wconf 79' lang='lat' dir='ltr'>tandem</span> 
     </span>
     <span class='ocr_line' id='line_1_9' title="bbox 173 723 1451 778; baseline 0 -12"><span class='ocrx_word' id='word_1_55' title='bbox 173 725 351 766; x_wconf 80' lang='lat' dir='ltr'>indolem</span> <span class='ocrx_word' id='word_1_56' title='bbox 387 725 459 763; x_wconf 78' lang='lat' dir='ltr'>soli</span> <span class='ocrx_word' id='word_1_57' title='bbox 496 723 606 763; x_wconf 85' lang='lat' dir='ltr'>illius</span> <span class='ocrx_word' id='word_1_58' title='bbox 629 753 640 773; x_wconf 88' lang='lat'><strong>,</strong></span> <span class='ocrx_word' id='word_1_59' title='bbox 692 726 757 764; x_wconf 86' lang='lat' dir='ltr'>cui</span> <span class='ocrx_word' id='word_1_60' title='bbox 794 727 947 778; x_wconf 79' lang='lat' dir='ltr'>pondus</span> <span class='ocrx_word' id='word_1_61' title='bbox 981 738 1118 766; x_wconf 79' lang='lat' dir='ltr'>reuera</span> <span class='ocrx_word' id='word_1_62' title='bbox 1154 726 1325 775; x_wconf 74' lang='lat' dir='ltr'>insistit,</span> <span class='ocrx_word' id='word_1_63' title='bbox 1365 727 1451 767; x_wconf 77' lang='lat' dir='ltr'>adi-</span> 
     </span>
     <span class='ocr_line' id='line_1_10' title="bbox 169 789 366 844; baseline 0.005 -17"><span class='ocrx_word' id='word_1_64' title='bbox 169 789 366 844; x_wconf 75' lang='lat' dir='ltr'>piscatur.</span> 
     </span>
    </p>
   </div>
   <div class='ocr_carea' id='block_1_3' title="bbox 166 873 1453 2074">
    <p class='ocr_par' dir='ltr' id='par_1_3' title="bbox 166 873 1453 2074">
     <span class='ocr_line' id='line_1_11' title="bbox 325 873 1449 930; baseline -0.005 -11"><span class='ocrx_word' id='word_1_65' title='bbox 325 889 364 928; x_wconf 83' lang='grc'>5.</span> <span class='ocrx_word' id='word_1_66' title='bbox 399 875 711 919; x_wconf 76' lang='lat' dir='ltr'>Consideremus</span> <span class='ocrx_word' id='word_1_67' title='bbox 745 877 874 929; x_wconf 87' lang='lat' dir='ltr'>igitur</span> <span class='ocrx_word' id='word_1_68' title='bbox 924 886 1099 930; x_wconf 82' lang='lat' dir='ltr'>quatuor</span> <span class='ocrx_word' id='word_1_69' title='bbox 1147 873 1293 928; x_wconf 76' lang='lat' dir='ltr'>pedeS‚</span> <span class='ocrx_word' id='word_1_70' title='bbox 1344 886 1449 926; x_wconf 85' lang='lat' dir='ltr'>quo-</span> 
     </span>
     <span class='ocr_line' id='line_1_12' title="bbox 169 938 1453 992; baseline -0.004 -11"><span class='ocrx_word' id='word_1_71' title='bbox 169 951 265 981; x_wconf 86' lang='lat' dir='ltr'>rum</span> <span class='ocrx_word' id='word_1_72' title='bbox 299 943 584 984; x_wconf 81' lang='lat' dir='ltr'>extremitates</span> <span class='ocrx_word' id='word_1_73' title='bbox 617 943 672 991; x_wconf 86' lang='grc' dir='ltr'>Α,</span> <span class='ocrx_word' id='word_1_74' title='bbox 708 939 758 991; x_wconf 88' lang='grc' dir='ltr'>Β,</span> <span class='ocrx_word' id='word_1_75' title='bbox 792 942 843 991; x_wconf 84' lang='lat' dir='ltr'>C,</span> <span class='ocrx_word' id='word_1_76' title='bbox 878 939 921 980; x_wconf 91' lang='lat' dir='ltr'>D</span> <span class='ocrx_word' id='word_1_77' title='bbox 956 942 994 981; x_wconf 90' lang='lat' dir='ltr'>in</span> <span class='ocrx_word' id='word_1_78' title='bbox 1050 939 1174 992; x_wconf 83' lang='lat' dir='ltr'>plano</span> <span class='ocrx_word' id='word_1_79' title='bbox 1224 938 1453 978; x_wconf 79' lang='lat' dir='ltr'>terminen-</span> 
     </span>
     <span class='ocr_line' id='line_1_13' title="bbox 168 1001 1450 1059; baseline -0.004 -14"><span class='ocrx_word' id='word_1_80' title='bbox 168 1014 237 1045; x_wconf 85' lang='lat' dir='ltr'>tur</span> <span class='ocrx_word' id='word_1_81' title='bbox 260 1035 271 1054; x_wconf 92' lang='lat'>‚</span> <span class='ocrx_word' id='word_1_82' title='bbox 325 1006 394 1058; x_wconf 91' lang='lat' dir='ltr'>qui</span> <span class='ocrx_word' id='word_1_83' title='bbox 438 1006 521 1047; x_wconf 80' lang='lat' dir='ltr'>solo</span> <span class='ocrx_word' id='word_1_84' title='bbox 553 1005 683 1044; x_wconf 79' lang='lat' dir='ltr'>innixi</span> <span class='ocrx_word' id='word_1_85' title='bbox 720 1004 763 1044; x_wconf 93' lang='lat' dir='ltr'>in</span> <span class='ocrx_word' id='word_1_86' title='bbox 801 1017 983 1059; x_wconf 85' lang='lat' dir='ltr'>pannum</span> <span class='ocrx_word' id='word_1_87' title='bbox 1019 1002 1142 1043; x_wconf 86' lang='lat' dir='ltr'>illum</span> <span class='ocrx_word' id='word_1_88' title='bbox 1181 1014 1248 1054; x_wconf 84' lang='lat' dir='ltr'>per</span> <span class='ocrx_word' id='word_1_89' title='bbox 1285 1001 1450 1055; x_wconf 72' lang='lat' dir='ltr'>spatiola</span> 
     </span>
     <span class='ocr_line' id='line_1_14' title="bbox 167 1065 1451 1123; baseline -0.005 -13"><span class='ocrx_word' id='word_1_90' title='bbox 167 1071 208 1110; x_wconf 84' lang='lat' dir='ltr'>A</span> <span class='ocrx_word' id='word_1_91' title='bbox 230 1083 274 1119; x_wconf 86' lang='grc' dir='ltr'>α,</span> <span class='ocrx_word' id='word_1_92' title='bbox 308 1068 405 1123; x_wconf 79' lang='grc' dir='ltr'>Ββ,</span> <span class='ocrx_word' id='word_1_93' title='bbox 438 1069 546 1123; x_wconf 54' lang='lat' dir='ltr'>Cy,</span> <span class='ocrx_word' id='word_1_94' title='bbox 583 1065 668 1108; x_wconf 61' lang='lat' dir='ltr'>D&amp;</span> <span class='ocrx_word' id='word_1_95' title='bbox 702 1079 944 1122; x_wconf 73' lang='lat' dir='ltr'>penetrent,</span> <span class='ocrx_word' id='word_1_96' title='bbox 996 1079 1096 1121; x_wconf 82' lang='lat' dir='ltr'>quae</span> <span class='ocrx_word' id='word_1_97' title='bbox 1131 1066 1301 1118; x_wconf 82' lang='lat' dir='ltr'>spatiola</span> <span class='ocrx_word' id='word_1_98' title='bbox 1355 1067 1451 1119; x_wconf 79' lang='lat' dir='ltr'>qui·</span> 
     </span>
     <span class='ocr_line' id='line_1_15' title="bbox 166 1129 1448 1187; baseline -0.003 -14"><span class='ocrx_word' id='word_1_99' title='bbox 166 1134 259 1173; x_wconf 90' lang='lat' dir='ltr'>dem</span> <span class='ocrx_word' id='word_1_100' title='bbox 295 1136 396 1174; x_wconf 86' lang='lat' dir='ltr'>adeo</span> <span class='ocrx_word' id='word_1_101' title='bbox 431 1143 642 1187; x_wconf 82' lang='lat' dir='ltr'>tamquam</span> <span class='ocrx_word' id='word_1_102' title='bbox 689 1133 847 1174; x_wconf 87' lang='lat' dir='ltr'>infinite</span> <span class='ocrx_word' id='word_1_103' title='bbox 902 1144 1022 1186; x_wconf 87' lang='lat' dir='ltr'>parua</span> <span class='ocrx_word' id='word_1_104' title='bbox 1072 1131 1246 1183; x_wconf 62' lang='lat' dir='ltr'>spectare</span> <span class='ocrx_word' id='word_1_105' title='bbox 1301 1129 1448 1169; x_wconf 85' lang='lat' dir='ltr'>licebit.</span> 
     </span>
     <span class='ocr_line' id='line_1_16' title="bbox 166 1189 1449 1252; baseline -0.004 -15"><span class='ocrx_word' id='word_1_106' title='bbox 166 1196 256 1237; x_wconf 84' lang='lat' dir='ltr'>Hoc</span> <span class='ocrx_word' id='word_1_107' title='bbox 289 1208 423 1237; x_wconf 87' lang='lat' dir='ltr'>autem</span> <span class='ocrx_word' id='word_1_108' title='bbox 462 1199 624 1251; x_wconf 79' lang='lat' dir='ltr'>posito,</span> <span class='ocrx_word' id='word_1_109' title='bbox 659 1199 845 1250; x_wconf 89' lang='lat' dir='ltr'>primum</span> <span class='ocrx_word' id='word_1_110' title='bbox 880 1196 1028 1252; x_wconf 65' lang='lat' dir='ltr'>puneta</span> <span class='ocrx_word' id='word_1_111' title='bbox 1066 1209 1108 1242; x_wconf 80' lang='grc' dir='ltr'>α,</span> <span class='ocrx_word' id='word_1_112' title='bbox 1144 1192 1186 1249; x_wconf 63' lang='grc' dir='ltr'>βζ</span> <span class='ocrx_word' id='word_1_113' title='bbox 1223 1207 1278 1248; x_wconf 69' lang='grc' dir='ltr'>Ὺ,</span> <span class='ocrx_word' id='word_1_114' title='bbox 1312 1189 1336 1232; x_wconf 76' lang='grc' dir='ltr'><em>δ</em></span> <span class='ocrx_word' id='word_1_115' title='bbox 1360 1203 1449 1233; x_wconf 86' lang='lat' dir='ltr'>tan-</span> 
     </span>
     <span class='ocr_line' id='line_1_17' title="bbox 167 1257 1448 1315; baseline -0.002 -15"><span class='ocrx_word' id='word_1_116' title='bbox 167 1272 292 1314; x_wconf 84' lang='lat' dir='ltr'>quam</span> <span class='ocrx_word' id='word_1_117' title='bbox 350 1262 501 1315; x_wconf 90' lang='lat' dir='ltr'>pedum</span> <span class='ocrx_word' id='word_1_118' title='bbox 555 1261 870 1313; x_wconf 87' lang='lat' dir='ltr'>extremitates,</span> <span class='ocrx_word' id='word_1_119' title='bbox 921 1260 1161 1302; x_wconf 82' lang='lat' dir='ltr'>etiamnunc</span> <span class='ocrx_word' id='word_1_120' title='bbox 1214 1259 1253 1296; x_wconf 87' lang='lat' dir='ltr'>in</span> <span class='ocrx_word' id='word_1_121' title='bbox 1306 1257 1448 1297; x_wconf 87' lang='lat' dir='ltr'>eodem</span> 
     </span>
     <span class='ocr_line' id='line_1_18' title="bbox 167 1320 1447 1380; baseline -0.002 -17"><span class='ocrx_word' id='word_1_122' title='bbox 167 1324 292 1379; x_wconf 84' lang='lat' dir='ltr'>plano</span> <span class='ocrx_word' id='word_1_123' title='bbox 343 1336 465 1367; x_wconf 88' lang='lat' dir='ltr'>erunt</span> <span class='ocrx_word' id='word_1_124' title='bbox 515 1325 672 1380; x_wconf 73' lang='lat' dir='ltr'>posita3</span> <span class='ocrx_word' id='word_1_125' title='bbox 719 1327 857 1367; x_wconf 90' lang='lat' dir='ltr'>deinde</span> <span class='ocrx_word' id='word_1_126' title='bbox 911 1337 1010 1366; x_wconf 82' lang='lat' dir='ltr'>vero</span> <span class='ocrx_word' id='word_1_127' title='bbox 1065 1323 1143 1377; x_wconf 85' lang='lat' dir='ltr'>ipsa</span> <span class='ocrx_word' id='word_1_128' title='bbox 1181 1322 1248 1362; x_wconf 79' lang='lat' dir='ltr'>ista</span> <span class='ocrx_word' id='word_1_129' title='bbox 1281 1320 1447 1374; x_wconf 77' lang='lat' dir='ltr'>spatiola</span> 
     </span>
     <span class='ocr_line' id='line_1_19' title="bbox 167 1385 1449 1446; baseline -0.005 -15"><span class='ocrx_word' id='word_1_130' title='bbox 167 1392 208 1430; x_wconf 89' lang='lat' dir='ltr'>A</span> <span class='ocrx_word' id='word_1_131' title='bbox 231 1404 272 1438; x_wconf 89' lang='grc' dir='ltr'>α,</span> <span class='ocrx_word' id='word_1_132' title='bbox 307 1389 405 1444; x_wconf 82' lang='grc' dir='ltr'>Ββ,</span> <span class='ocrx_word' id='word_1_133' title='bbox 440 1389 473 1430; x_wconf 90' lang='lat' dir='ltr'>C</span> <span class='ocrx_word' id='word_1_134' title='bbox 495 1404 549 1443; x_wconf 74' lang='grc' dir='ltr'>Ύ,</span> <span class='ocrx_word' id='word_1_135' title='bbox 582 1385 669 1430; x_wconf 59' lang='lat' dir='ltr'>D&amp;</span> <span class='ocrx_word' id='word_1_136' title='bbox 704 1390 961 1446; x_wconf 78' lang='lat' dir='ltr'>pressionibus</span> <span class='ocrx_word' id='word_1_137' title='bbox 995 1388 1139 1441; x_wconf 86' lang='lat' dir='ltr'>quibus</span> <span class='ocrx_word' id='word_1_138' title='bbox 1176 1385 1324 1437; x_wconf 76' lang='lat' dir='ltr'>singuli</span> <span class='ocrx_word' id='word_1_139' title='bbox 1369 1397 1449 1437; x_wconf 86' lang='lat' dir='ltr'>pe-</span> 
     </span>
     <span class='ocr_line' id='line_1_20' title="bbox 166 1449 1450 1505; baseline -0.004 -12"><span class='ocrx_word' id='word_1_140' title='bbox 166 1455 233 1493; x_wconf 84' lang='lat' dir='ltr'>des</span> <span class='ocrx_word' id='word_1_141' title='bbox 287 1452 370 1492; x_wconf 86' lang='lat' dir='ltr'>solo</span> <span class='ocrx_word' id='word_1_142' title='bbox 422 1454 686 1501; x_wconf 82' lang='lat' dir='ltr'>innituntur,</span> <span class='ocrx_word' id='word_1_143' title='bbox 739 1456 923 1494; x_wconf 79' lang='lat' dir='ltr'>censenda</span> <span class='ocrx_word' id='word_1_144' title='bbox 973 1456 1063 1493; x_wconf 80' lang='lat' dir='ltr'>sunt</span> <span class='ocrx_word' id='word_1_145' title='bbox 1116 1449 1450 1505; x_wconf 79' lang='lat' dir='ltr'>proportionalia.</span> 
     </span>
     <span class='ocr_line' id='line_1_21' title="bbox 170 1512 1451 1570; baseline -0.004 -14"><span class='ocrx_word' id='word_1_146' title='bbox 170 1517 282 1556; x_wconf 91' lang='lat' dir='ltr'>Hinc</span> <span class='ocrx_word' id='word_1_147' title='bbox 318 1516 448 1567; x_wconf 81' lang='lat' dir='ltr'>igitur</span> <span class='ocrx_word' id='word_1_148' title='bbox 485 1516 658 1558; x_wconf 84' lang='lat' dir='ltr'>viciffim</span> <span class='ocrx_word' id='word_1_149' title='bbox 696 1516 724 1556; x_wconf 85' lang='lat' dir='ltr'>fi</span> <span class='ocrx_word' id='word_1_150' title='bbox 760 1519 799 1557; x_wconf 92' lang='lat' dir='ltr'>in</span> <span class='ocrx_word' id='word_1_151' title='bbox 837 1517 994 1570; x_wconf 73' lang='lat' dir='ltr'>puntstis</span> <span class='ocrx_word' id='word_1_152' title='bbox 1027 1518 1084 1565; x_wconf 85' lang='lat' dir='ltr'>A,</span> <span class='ocrx_word' id='word_1_153' title='bbox 1120 1515 1169 1565; x_wconf 83' lang='lat' dir='ltr'>B,</span> <span class='ocrx_word' id='word_1_154' title='bbox 1204 1512 1255 1565; x_wconf 86' lang='lat' dir='ltr'>C,</span> <span class='ocrx_word' id='word_1_155' title='bbox 1297 1516 1333 1552; x_wconf 79' lang='lat'>1)</span> <span class='ocrx_word' id='word_1_156' title='bbox 1385 1515 1451 1552; x_wconf 84' lang='lat' dir='ltr'>su-</span> 
     </span>
     <span class='ocr_line' id='line_1_22' title="bbox 167 1576 1450 1634; baseline -0.002 -14"><span class='ocrx_word' id='word_1_157' title='bbox 167 1590 240 1633; x_wconf 86' lang='lat' dir='ltr'>per</span> <span class='ocrx_word' id='word_1_158' title='bbox 298 1579 425 1632; x_wconf 85' lang='lat' dir='ltr'>plano</span> <span class='ocrx_word' id='word_1_159' title='bbox 475 1582 682 1633; x_wconf 79' lang='lat' dir='ltr'>erigantur</span> <span class='ocrx_word' id='word_1_160' title='bbox 731 1581 1021 1634; x_wconf 70' lang='lat' dir='ltr'>perpendicuia</span> <span class='ocrx_word' id='word_1_161' title='bbox 1067 1580 1106 1620; x_wconf 94' lang='lat' dir='ltr'><strong>A</strong></span> <span class='ocrx_word' id='word_1_162' title='bbox 1133 1592 1174 1629; x_wconf 82' lang='grc' dir='ltr'>α,</span> <span class='ocrx_word' id='word_1_163' title='bbox 1210 1577 1304 1631; x_wconf 82' lang='grc' dir='ltr'>Ββ,</span> <span class='ocrx_word' id='word_1_164' title='bbox 1338 1576 1372 1618; x_wconf 91' lang='lat' dir='ltr'>C</span> <span class='ocrx_word' id='word_1_165' title='bbox 1396 1590 1450 1632; x_wconf 73' lang='grc' dir='ltr'>γ,</span> 
     </span>
     <span class='ocr_line' id='line_1_23' title="bbox 168 1639 1451 1698; baseline -0.003 -15"><span class='ocrx_word' id='word_1_166' title='bbox 168 1652 211 1683; x_wconf 90' lang='lat' dir='ltr'>et</span> <span class='ocrx_word' id='word_1_167' title='bbox 246 1639 335 1683; x_wconf 60' lang='lat' dir='ltr'>D&amp;</span> <span class='ocrx_word' id='word_1_168' title='bbox 371 1657 469 1697; x_wconf 82' lang='lat' dir='ltr'>quae</span> <span class='ocrx_word' id='word_1_169' title='bbox 504 1644 580 1686; x_wconf 74' lang='lat' dir='ltr'>sint</span> <span class='ocrx_word' id='word_1_170' title='bbox 635 1643 728 1697; x_wconf 66' lang='lat' dir='ltr'>ipsis</span> <span class='ocrx_word' id='word_1_171' title='bbox 781 1645 1039 1698; x_wconf 78' lang='lat' dir='ltr'>preffionibus</span> <span class='ocrx_word' id='word_1_172' title='bbox 1091 1644 1128 1681; x_wconf 88' lang='lat' dir='ltr'>in</span> <span class='ocrx_word' id='word_1_173' title='bbox 1181 1641 1243 1681; x_wconf 86' lang='lat' dir='ltr'>his</span> <span class='ocrx_word' id='word_1_174' title='bbox 1293 1640 1451 1692; x_wconf 70' lang='lat' dir='ltr'>pune‘tis</span> 
     </span>
     <span class='ocr_line' id='line_1_24' title="bbox 168 1701 1449 1761; baseline -0.002 -16"><span class='ocrx_word' id='word_1_175' title='bbox 168 1709 494 1759; x_wconf 76' lang='lat' dir='ltr'>proportionalia</span> <span class='ocrx_word' id='word_1_176' title='bbox 516 1737 528 1758; x_wconf 85' lang='lat'>‚</span> <span class='ocrx_word' id='word_1_177' title='bbox 580 1708 724 1749; x_wconf 74' lang='lat' dir='ltr'>necesse</span> <span class='ocrx_word' id='word_1_178' title='bbox 776 1710 828 1750; x_wconf 82' lang='lat' dir='ltr'>est</span> <span class='ocrx_word' id='word_1_179' title='bbox 853 1741 863 1761; x_wconf 86' lang='lat'><strong>,</strong></span> <span class='ocrx_word' id='word_1_180' title='bbox 922 1720 963 1749; x_wconf 89' lang='lat' dir='ltr'>vt</span> <span class='ocrx_word' id='word_1_181' title='bbox 1003 1708 1146 1760; x_wconf 63' lang='lat' dir='ltr'>punsta</span> <span class='ocrx_word' id='word_1_182' title='bbox 1183 1721 1227 1757; x_wconf 77' lang='grc' dir='ltr'>α,</span> <span class='ocrx_word' id='word_1_183' title='bbox 1261 1703 1303 1758; x_wconf 83' lang='grc' dir='ltr'>β.</span> <span class='ocrx_word' id='word_1_184' title='bbox 1337 1718 1392 1759; x_wconf 58' lang='lat' dir='ltr'>ry,</span> <span class='ocrx_word' id='word_1_185' title='bbox 1421 1701 1449 1743; x_wconf 72' lang='grc' dir='ltr'><em>δ</em></span> 
     </span>
     <span class='ocr_line' id='line_1_25' title="bbox 170 1767 1451 1825; baseline -0.002 -17"><span class='ocrx_word' id='word_1_186' title='bbox 170 1771 424 1822; x_wconf 77' lang='lat' dir='ltr'>reperiantur</span> <span class='ocrx_word' id='word_1_187' title='bbox 461 1772 501 1811; x_wconf 88' lang='lat' dir='ltr'>in</span> <span class='ocrx_word' id='word_1_188' title='bbox 536 1773 680 1813; x_wconf 87' lang='lat' dir='ltr'>eodem</span> <span class='ocrx_word' id='word_1_189' title='bbox 714 1770 868 1824; x_wconf 77' lang='lat' dir='ltr'>piano,</span> <span class='ocrx_word' id='word_1_190' title='bbox 914 1782 1030 1825; x_wconf 83' lang='lat' dir='ltr'>atque</span> <span class='ocrx_word' id='word_1_191' title='bbox 1062 1768 1138 1809; x_wconf 85' lang='lat' dir='ltr'>hoc</span> <span class='ocrx_word' id='word_1_192' title='bbox 1179 1772 1229 1811; x_wconf 84' lang='lat' dir='ltr'>est</span> <span class='ocrx_word' id='word_1_193' title='bbox 1284 1767 1451 1820; x_wconf 83' lang='lat' dir='ltr'>princi-</span> 
     </span>
     <span class='ocr_line' id='line_1_26' title="bbox 167 1830 1451 1886; baseline -0.003 -14"><span class='ocrx_word' id='word_1_194' title='bbox 167 1833 287 1885; x_wconf 89' lang='lat' dir='ltr'>pium</span> <span class='ocrx_word' id='word_1_195' title='bbox 314 1863 325 1883; x_wconf 78' lang='lat'>‚</span> <span class='ocrx_word' id='word_1_196' title='bbox 369 1835 435 1873; x_wconf 91' lang='lat' dir='ltr'>cui</span> <span class='ocrx_word' id='word_1_197' title='bbox 485 1844 612 1873; x_wconf 89' lang='lat' dir='ltr'>totam</span> <span class='ocrx_word' id='word_1_198' title='bbox 661 1830 832 1875; x_wconf 79' lang='lat' dir='ltr'>nostram</span> <span class='ocrx_word' id='word_1_199' title='bbox 875 1835 1223 1886; x_wconf 73' lang='lat' dir='ltr'>inuestigationem</span> <span class='ocrx_word' id='word_1_200' title='bbox 1262 1840 1350 1870; x_wconf 86' lang='lat' dir='ltr'>tuto</span> <span class='ocrx_word' id='word_1_201' title='bbox 1383 1831 1451 1869; x_wconf 80' lang='lat' dir='ltr'>su-</span> 
     </span>
     <span class='ocr_line' id='line_1_27' title="bbox 169 1894 1448 1950; baseline -0.002 -13"><span class='ocrx_word' id='word_1_202' title='bbox 169 1896 393 1949; x_wconf 80' lang='lat' dir='ltr'>perstruere</span> <span class='ocrx_word' id='word_1_203' title='bbox 429 1897 654 1949; x_wconf 87' lang='lat' dir='ltr'>poterimus</span> <span class='ocrx_word' id='word_1_204' title='bbox 676 1927 688 1947; x_wconf 90' lang='lat'>‚</span> <span class='ocrx_word' id='word_1_205' title='bbox 729 1898 842 1950; x_wconf 86' lang='lat' dir='ltr'>idque</span> <span class='ocrx_word' id='word_1_206' title='bbox 876 1911 926 1938; x_wconf 90' lang='lat' dir='ltr'>co</span> <span class='ocrx_word' id='word_1_207' title='bbox 946 1899 1072 1950; x_wconf 85' lang='lat' dir='ltr'>magis</span> <span class='ocrx_word' id='word_1_208' title='bbox 1093 1929 1104 1948; x_wconf 83' lang='lat'>,</span> <span class='ocrx_word' id='word_1_209' title='bbox 1139 1894 1347 1948; x_wconf 75' lang='lat' dir='ltr'>quodiam</span> <span class='ocrx_word' id='word_1_210' title='bbox 1368 1905 1448 1933; x_wconf 85' lang='lat' dir='ltr'>non</span> 
     </span>
     <span class='ocr_line' id='line_1_28' title="bbox 169 1958 1451 2014; baseline -0.003 -14"><span class='ocrx_word' id='word_1_211' title='bbox 169 1961 349 2013; x_wconf 80' lang='lat' dir='ltr'>amplius</span> <span class='ocrx_word' id='word_1_212' title='bbox 383 1960 466 2000; x_wconf 82' lang='lat' dir='ltr'>idea</span> <span class='ocrx_word' id='word_1_213' title='bbox 500 1958 610 2000; x_wconf 85' lang='lat' dir='ltr'>illius</span> <span class='ocrx_word' id='word_1_214' title='bbox 645 1961 796 2014; x_wconf 85' lang='lat' dir='ltr'>panni,</span> <span class='ocrx_word' id='word_1_215' title='bbox 845 1973 972 2014; x_wconf 88' lang='lat' dir='ltr'>neque</span> <span class='ocrx_word' id='word_1_216' title='bbox 1005 1959 1277 2014; x_wconf 83' lang='lat' dir='ltr'>impreffiones</span> <span class='ocrx_word' id='word_1_217' title='bbox 1311 1959 1350 1997; x_wconf 91' lang='lat' dir='ltr'>in</span> <span class='ocrx_word' id='word_1_218' title='bbox 1401 1958 1451 1997; x_wconf 76' lang='lat' dir='ltr'>veo</span> 
     </span>
     <span class='ocr_line' id='line_1_29' title="bbox 173 2019 1453 2074; baseline -0.002 -10"><span class='ocrx_word' id='word_1_219' title='bbox 173 2024 296 2065; x_wconf 65' lang='lat' dir='ltr'>factae</span> <span class='ocrx_word' id='word_1_220' title='bbox 317 2053 328 2074; x_wconf 85' lang='lat'>‚</span> <span class='ocrx_word' id='word_1_221' title='bbox 362 2022 402 2064; x_wconf 91' lang='lat' dir='ltr'>in</span> <span class='ocrx_word' id='word_1_222' title='bbox 436 2024 598 2064; x_wconf 87' lang='lat' dir='ltr'>censum</span> <span class='ocrx_word' id='word_1_223' title='bbox 635 2024 830 2074; x_wconf 76' lang='lat' dir='ltr'>veniunt,</span> <span class='ocrx_word' id='word_1_224' title='bbox 862 2023 933 2065; x_wconf 90' lang='lat' dir='ltr'>hae</span> <span class='ocrx_word' id='word_1_225' title='bbox 969 2025 1082 2064; x_wconf 88' lang='lat' dir='ltr'>enim</span> <span class='ocrx_word' id='word_1_226' title='bbox 1109 2024 1241 2073; x_wconf 85' lang='lat' dir='ltr'>ideae,</span> <span class='ocrx_word' id='word_1_227' title='bbox 1274 2019 1339 2061; x_wconf 87' lang='lat' dir='ltr'>hic</span> <span class='ocrx_word' id='word_1_228' title='bbox 1361 2029 1453 2062; x_wconf 85' lang='lat' dir='ltr'>tan-</span> 
     </span>
    </p>
   </div>
   <div class='ocr_carea' id='block_1_4' title="bbox 1268 2071 1281 2089">
    <p class='ocr_par' dir='ltr' id='par_1_4' title="bbox 1268 2071 1281 2089">
     <span class='ocr_line' id='line_1_30' title="bbox 1268 2071 1281 2089; baseline 0 0"><span class='ocrx_word' id='word_1_229' title='bbox 1268 2071 1281 2089; x_wconf 79' lang='lat' dir='ltr'><em>l</em></span> 
     </span>
    </p>
   </div>
   <div class='ocr_carea' id='block_1_5' title="bbox 172 2087 1431 2143">
    <p class='ocr_par' dir='ltr' id='par_1_5' title="bbox 172 2087 1431 2143">
     <span class='ocr_line' id='line_1_31' title="bbox 172 2087 1431 2143; baseline -0.001 -15"><span class='ocrx_word' id='word_1_230' title='bbox 172 2096 265 2128; x_wconf 89' lang='lat' dir='ltr'>tum</span> <span class='ocrx_word' id='word_1_231' title='bbox 302 2090 345 2130; x_wconf 89' lang='lat' dir='ltr'>in</span> <span class='ocrx_word' id='word_1_232' title='bbox 377 2087 587 2131; x_wconf 75' lang='lat' dir='ltr'>subsidium</span> <span class='ocrx_word' id='word_1_233' title='bbox 623 2089 775 2131; x_wconf 86' lang='lat' dir='ltr'>nostrae</span> <span class='ocrx_word' id='word_1_234' title='bbox 807 2089 1106 2143; x_wconf 83' lang='lat' dir='ltr'>imaginationis</span> <span class='ocrx_word' id='word_1_235' title='bbox 1139 2089 1230 2128; x_wconf 86' lang='lat' dir='ltr'>sunt</span> <span class='ocrx_word' id='word_1_236' title='bbox 1257 2094 1431 2142; x_wconf 73' lang='lat' dir='ltr'>vocatae.</span> 
     </span>
    </p>
   </div>
   <div class='ocr_carea' id='block_1_6' title="bbox 799 2198 1451 2244">
    <p class='ocr_par' dir='ltr' id='par_1_6' title="bbox 799 2198 1451 2244">
     <span class='ocr_line' id='line_1_32' title="bbox 799 2198 1451 2244; baseline -0.008 0"><span class='ocrx_word' id='word_1_237' title='bbox 799 2201 838 2243; x_wconf 92' lang='grc' dir='ltr'>Ο</span> <span class='ocrx_word' id='word_1_238' title='bbox 860 2214 885 2244; x_wconf 93' lang='lat' dir='ltr'>o</span> <span class='ocrx_word' id='word_1_239' title='bbox 921 2215 945 2241; x_wconf 90' lang='lat'><em>2</em></span> <span class='ocrx_word' id='word_1_240' title='bbox 1331 2198 1451 2240; x_wconf 85' lang='lat' dir='ltr'>Prin·</span> 
     </span>
    </p>
   </div>
  </div>
 </body>
</html>
