1987 2600
571 191 686 246 -esss
722 184 758 243 <’
777 201 805 232 0
837 185 853 247 )
883 187 1018 242 ete
1373 196 1453 236 μ»

743 299 846 360 VI.

156 408 482 489 Disquifitio
524 403 597 466 de
640 405 884 464 lentibus
930 401 1223 464 obieffiuis
1259 404 1437 484 tripli-

158 499 334 567 catis,
396 506 551 573 quae·
605 493 700 550 vel
761 491 974 550 nullam
1044 486 1438 549 confusionem

157 583 381 664 pariant
427 579 521 636 vel
564 578 742 635 etiam
784 576 976 636 datam
1036 572 1436 634 confusionem

219 683 254 721 a
297 663 526 738 reliquis
568 660 811 796 lentiblus
852 673 1039 719 ortam
1080 656 1366 720 destruere

676 760 748 798 va
769 754 917 802 eant.

296 889 559 956 A11&ore
605 887 674 949 L.
732 890 948 951 Eulero
990 909 1120 972 pag.
1166 905 1300 965 377.

154 1050 280 1166 Iam
316 1060 452 1113 paflim
487 1072 526 1102 et
562 1061 750 1116 inprimis
786 1061 827 1102 in
867 1062 1073 1117 praeclaro
1125 1061 1173 1102 de
1222 1055 1440 1112 Dioptrica

221 1136 361 1178 -opere
398 1123 461 1168 111.
496 1126 656 1168 Eulerus
686 1128 725 1168 id
761 1128 893 1180 ipsum
946 1136 1234 1178 argumentum
1262 1154 1274 1174 ,
1324 1123 1459 1163 cuius·

160 1188 334 1229 titulum
371 1190 550 1243 praesens
583 1203 674 1245 prae
709 1193 743 1231 se
775 1193 852 1232 fert
885 1191 1106 1232 dissertatio
1127 1218 1138 1239 ,
1177 1191 1340 1229 summo
1359 1186 1441 1226 stu-

158 1253 228 1294 dio
264 1256 558 1306 pertrastauit;
611 1256 850 1308 plerumque
887 1268 987 1297 vero
1018 1265 1145 1295 ternas
1190 1252 1315 1293 lentes
1374 1248 1457 1289 sibi’

158 1317 378 1369 iungendas
431 1319 486 1359 ita
539 1321 726 1372 proxime
777 1320 884 1360 inter
944 1322 981 1360 se
1015 1318 1193 1371 adaptari
1228 1312 1444 1364 adsumsit,

158 1392 206 1423 vt
239 1393 379 1424 earum
423 1384 602 1425 distantia
639 1397 713 1438 pro
747 1385 857 1424 nulla
891 1385 932 1424 in
966 1383 1121 1425 calculo
1155 1381 1291 1422 haberi
1343 1379 1438 1431 pos-

158 1447 246 1496 ἱεῖς
284 1446 323 1487 id
356 1449 463 1499 quod
500 1447 540 1486 in
576 1448 657 1500 ipsa
693 1450 807 1501 praxi
843 1447 978 1489 locum
1017 1448 1159 1488 habere
1201 1443 1438 1496 neutiquam

159 1509 320 1562 potest,
365 1520 463 1549 cum
499 1510 672 1550 lentium
706 1522 839 1551 centra
874 1513 920 1551 ad
957 1513 1183 1552 minimum
1224 1505 1445 1550 interuallo

159 1572 344 1613 craffitiei
380 1573 558 1625 ipsarum
595 1584 751 1616 remota
786 1575 892 1614 inter
922 1574 958 1615 se
991 1576 1068 1615 esse
1100 1575 1278 1614 debeant.
1329 1570 1444 1609 Tan-

113 1676 123 1685 ,
161 1638 194 1677 ti
231 1648 326 1677 vero
360 1636 456 1677 haec
491 1649 567 1677 vna
603 1649 665 1677 res
697 1640 739 1679 in
778 1648 866 1679 toto
901 1638 976 1678 hoc
1013 1638 1177 1690 negotio
1234 1637 1288 1676 est
1341 1644 1444 1672 mo-

163 1701 290 1742 menti
319 1730 332 1751 ‚
373 1711 420 1741 vt
451 1700 502 1741 ob
536 1700 637 1741 hanc
672 1715 795 1742 vnam
834 1704 972 1755 praxis
1006 1715 1024 1742 a
1062 1702 1194 1742 thoria
1230 1698 1446 1740 aberratio·

164 1775 257 1802 nem
282 1766 404 1805 lentes
440 1765 691 1821 compositae
710 1794 721 1816 ‚
756 1768 1003 1807 destruendae
1030 1766 1248 1806 confusioni
1273 1762 1445 1804 destina-

170 1834 263 1872 tae,
301 1838 389 1866 eam
425 1830 560 1869 multo
595 1832 792 1871 maiorem
829 1833 987 1873 efficere
1021 1830 1166 1884 possint
1188 1857 1200 1878 ‚
1253 1838 1375 1880 quam
1411 1823 1440 1864 fi

167 1900 307 1928 earum
341 1888 432 1929 loco
466 1890 589 1931 lentes
621 1893 825 1946 simplices
855 1895 1146 1935 adhiberentur.
1215 1893 1260 1932 ld
1283 1894 1442 1931 intuens

166 1950 236 1992 111.-
270 1949 435 1991 Amstor
469 1951 546 1993 hoc
591 1956 782 2006 inprimis
833 1958 873 1995 in
924 1959 997 1996 hac
1049 1956 1322 2007 disquisitione
1374 1949 1444 1990 fibi

169 2017 365 2068 proponit
390 2046 401 2065 ‚
458 2027 503 2057 vt
542 2017 582 2058 in
618 2020 953 2060 determinatione
991 2019 1225 2059 huiusmodi
1260 2017 1441 2057 lentium

174 2078 469 2132 triplicatarum
506 2082 629 2122 etiam
666 2083 845 2123 craffitiei
883 2084 978 2123 vitri
1013 2085 1216 2124 rationem
1266 2080 1407 2120 habeat
1433 2108 1446 2129 ,

175 2142 304 2195 iisque
340 2143 458 2184 fimul
495 2156 727 2197 aperturam
766 2159 888 2200 quam
936 2149 1168 2190 maximam
1218 2142 1446 2193 conciliet,

233 2205 363 2249 Tom.
375 2207 540 2251 XV111.
555 2209 850 2252 Nou-Comm.
1048 2213 1073 2253 f
1315 2219 1443 2263 quan-
